2575 3900
357 194 645 250 COMMENTARIVS
663 194 703 249 IN
721 194 861 249 LIBRVM
879 195 913 251 V.
1073 195 1138 259 259

129 347 277 425 coniugio.
324 345 404 421 quod
429 345 481 403 ubi
503 345 714 405 Lemniadibus
742 348 926 421 compertum
953 348 1006 422 est,
1034 346 1137 405 stimu-

128 437 212 495 lante
230 435 344 493 Venere
364 435 397 492 iu
415 453 501 494 omne
524 453 617 511 genus
634 435 722 493 uirile
741 436 898 493 coniurant
915 438 1144 510 remeantesque

129 546 166 585 ex
184 524 312 583 Thracia
333 523 414 583 uiros
437 542 538 582 omnes
560 523 743 582 interimunt.
781 524 860 581 inter
880 542 954 599 quas
971 523 1138 600 Hypsipyle

129 614 212 690 patri
230 613 360 672 Thoanti
379 613 443 671 sola
462 612 608 687 subuenit,
627 615 664 670 nt
681 631 741 670 non
760 614 856 671 solum
873 616 1017 688 parceret,
1034 633 1138 671 uerum

104 702 224 763 setiam
254 703 419 779 fugientem
449 704 678 777 prosequeretur
709 701 747 759 ad
778 702 858 760 litus.
908 704 979 761 tunc
1009 702 1139 761 Thoanti

129 791 220 851 Liber
242 790 370 850 occunit
393 810 518 865 eumque
536 789 575 847 ad
593 790 722 849 insulam
742 788 836 849 (lhion
854 808 996 865 prospera
1014 792 1138 869 nauiga-

130 881 213 939 tione
248 879 393 956 perduxit.
453 879 586 937 Lemnon
621 879 815 956 Argonautae
851 882 1004 939 uenerunt.
1064 898 1139 955 quos

131 969 307 1028 Lemniades
339 967 531 1043 suscipientes
562 968 693 1044 hospitio
724 987 791 1027 cum
826 968 872 1027 his
910 967 1139 1027 concubuerunt.

131 1057 299 1135 Hypsipyle
331 1078 366 1116 ex
393 1057 498 1116 iasone
531 1056 605 1115 duos
636 1056 714 1115 filios
746 1056 915 1132 procreauit
942 1057 1077 1116 Huneum
1109 1059 1140 1115 et

89 1171 117 1211 ιο
130 1148 305 1206 Thoantem.
341 1165 408 1204 cum
425 1145 562 1221 plurimis
580 1145 683 1204 diebus
702 1146 815 1204 detenti
834 1148 939 1222 essent,
959 1146 996 1203 ab
1010 1146 1138 1205 Hercule

130 1236 281 1313 obiurgati
313 1235 516 1293 discesserimt.
561 1234 738 1293 Lemniades
770 1237 870 1293 autem
902 1237 1061 1310 postquam
1093 1235 1138 1292 in-

131 1325 309 1383 tellexerunt
334 1324 522 1399 Hypsipylen
548 1326 666 1401 patrem
695 1342 780 1381 suum
804 1342 948 1399 seruasse,
974 1323 1138 1382 interficere
1254 1378 1256 1381 .

131 1432 197 1472 eam
227 1417 351 1473 conatae
381 1414 458 1471 sunt.
498 1412 553 1470 illa
581 1412 651 1470 dum
678 1412 765 1490 fugit,
789 1431 808 1471 a
830 1413 1028 1489 praedonibus
1050 1415 1140 1488 capta

130 1503 274 1561 Nemeam
296 1502 454 1577 deportata
477 1503 523 1559 est
544 1503 576 1559 et
597 1500 744 1579 Lycurgo,
771 1502 901 1579 regionis
924 1502 986 1560 eius
1011 1502 1084 1581 regi,
1107 1492 1156 1559 in¹

88 1615 117 1657 15
131 1593 306 1650 seruitutem
328 1590 479 1669 distracta.

198 1682 241 1739 30
271 1697 448 1739 mansan
478 1679 602 1754 implere
638 1679 688 1737 uel
719 1698 871 1737 renouare.
927 1680 962 1737 ut
992 1679 1139 1757 Virgilius

130 1764 252 1847 (georg.
270 1768 314 1827 IV
334 1763 480 1845 514sq.>:
504 1763 682 1826 ‘miserabile
706 1786 824 1826 carmen
846 1763 997 1845 integrat'.

199 1860 238 1917 31
263 1874 395 1917 msrnra
425 1857 555 1915 inducta.
601 1859 636 1915 ut
658 1855 804 1933 Virgilius
827 1850 920 1934 <Aen
940 1856 970 1914 Π
991 1852 1138 1934 671sq.>:

130 1942 297 2025 ‘clipeoque
310 1946 462 2006 sinisiram
475 1945 657 2005 insertabam
671 1941 798 2023 aptans'.
830 1946 883 2022 ita,
901 1946 1008 2022 inquit,
1027 1946 1139 2006 fuimus

89 2062 117 2102 ao
131 2037 230 2096 furore
252 2039 400 2112 mutatae,
427 2038 462 2094 ut
487 2038 589 2094 nostro
613 2035 721 2094 scelere
745 2054 830 2094 sexus
854 2036 948 2094 omnis
970 2035 1067 2094 uirilis
1091 2055 1138 2094 oc-

131 2126 289 2185 cumberet.

198 2217 239 2274 33
258 2232 360 2274 synon
373 2231 508 2272 Anmrvs
526 2212 600 2272 bene
618 2213 776 2288 additae,
795 2232 862 2273 cum
879 2212 1047 2272 libidoiam
1062 2216 1140 2272 esset

129 2303 162 2361 in
184 2303 263 2361 furia
285 2304 334 2362 uel
357 2303 442 2378 quasi
465 2303 643 2360 naturaliter
664 2302 809 2360 haberent
831 2303 968 2361 furorem.

198 2395 240 2453 34
266 2409 339 2450 mna
360 2410 423 2451 nco
445 2409 510 2450 nau
533 2409 656 2450 rvounr
678 2410 718 2450 nn
742 2409 855 2450 sensus:
882 2411 919 2449 ne
941 2410 996 2450 nos
1018 2391 1138 2467 pudeat,

89 2508 116 2550 25
131 2481 210 2557 quod
227 2501 274 2539 me
292 2480 451 2558 benignam
469 2481 590 2538 fortuna
607 2480 719 2555 fecerit,
737 2499 797 2538 non
810 2481 958 2538 uoluntas.
990 2480 1139 2554 hospitem

203 2780 216 2826 1
237 2777 399 2845 coopertum
416 2781 453 2828 Pa
489 2774 603 2843 coptum
620 2777 657 2825 ΡΙ)
678 2773 688 2841 ΙΙ
708 2779 723 2825 2
743 2772 784 2843 in]
804 2771 890 2826 etiam
907 2778 944 2826 ΡΙ)
960 2775 964 2840 Ι
980 2773 1138 2826 remeantes

129 2851 167 2899 ΡΙ)
181 2847 190 2915 ΙΙ
204 2850 220 2898 3
238 2847 416 2915 peremerunt
432 2851 453 2898 L
482 2843 654 2914 perimerunt
670 2848 707 2897 ΡΙ)
724 2845 805 2912 lpost
822 2860 893 2913 quas
911 2846 943 2898 c'rc
960 2849 997 2897 Pa
1026 2845 1138 2914 legitur:

129 2917 149 2972 l.
168 2933 191 2970 c.
210 2932 246 2985 u,
269 2919 301 2971 ia
323 2922 372 2973 Pb:
396 2917 415 2970 1.
434 2935 460 2971 u.
480 2933 503 2970 e.
518 2919 558 2986 Ι4
577 2915 626 2969 sed
647 2914 733 2968 etiam
752 2919 788 2967 ΡΙ)
803 2917 812 2984 ΙΙ
827 2920 842 2967 5
860 2917 1074 2984 persequeretur
1090 2920 1111 2966 L
1132 2913 1136 2987 Ι

129 2987 211 3042 littus
229 2993 274 3041 LP
289 2988 294 3059 Ι
309 3005 383 3043 nunc
400 2993 437 3041 ΡΙ)
458 2989 468 3058 ΙΙ
490 2993 506 3040 6
525 2987 574 3058 ad]
593 2985 623 3039 in
641 2991 662 3037 L
679 2987 689 3056 ΙΙ
710 2990 724 3038 Ι
744 2986 877 3054 produxit
895 2991 931 3039 ΡΙ)
948 2986 952 3058 Ι
968 2985 1082 3042 lennum
1100 2991 1138 3039 ΡΙ)

129 3059 205 3113 lemn
223 3077 354 3128 superscr.
374 3079 407 3114 ον
425 3065 452 3111 ΙΙ
467 3061 472 3128 Ι
487 3059 674 3128 peruenerunt
687 3062 750 3109 LPb
773 3058 782 3126 ΙΙ
802 3061 818 3110 8
838 3062 1019 3128 susceperunt
1038 3103 1043 3112 .
1060 3103 1065 3112 .
1084 3100 1089 3112 .
1110 3059 1140 3111 et

130 3147 195 3184 cum
212 3129 248 3183 iis
266 3136 302 3183 ΡΙ)
317 3132 356 3212 ΙΙΙ
375 3130 499 3184 Oeneum
516 3134 609 3181 Liss’b
642 3145 760 3182 eoneum
778 3134 815 3181 Pa
828 3131 837 3198 ΙΙ
852 3134 886 3182 10
903 3129 1031 3198 pluribus
1050 3127 1140 3252 1ΡαΙΙ

132 3206 164 3255 11
184 3200 327 3255 obiurant1
344 3207 382 3254 Pe
395 3203 405 3271 ΙΙ
419 3207 452 3254 12
471 3217 553 3254 suum
570 3218 620 3254 om.
635 3205 671 3252 Pb
686 3201 696 3268 ΙΙ
711 3203 743 3252 13
762 3215 795 3253 ea
809 3206 846 3253 Pb
874 3200 954 3254 illam
972 3206 991 3253 L
1008 3201 1124 3270 lingere
1146 3259 1148 3266 Α

130 3277 167 3325 ΡΙ)
181 3275 191 3342 ΙΙ
206 3279 239 3326 14
257 3273 286 3327 et
303 3290 353 3328 om.
370 3277 407 3325 Pb
423 3274 427 3341 Ι
443 3271 565 3342 regionis
584 3271 644 3325 eius
663 3289 713 3326 orn.
728 3275 764 3323 ΡΙ)
781 3279 784 3334 Ι
801 3270 831 3325 in
850 3271 986 3326 seruitute
1004 3272 1064 3342 regi
1078 3276 1115 3324 Pa

133 3348 165 3396 18
184 3346 217 3397 ut
240 3361 290 3398 om.
309 3349 337 3396 ΙΙ
358 3346 368 3414 ΙΙ
390 3349 425 3397 20
448 3343 551 3398 scelere
568 3348 636 3395 ῙΡΙ)
673 3341 784 3395 foedere
808 3348 870 3396 LPa
893 3345 902 3412 ΙΙ
925 3348 958 3395 22
978 3342 1064 3396 etiam
1083 3346 1110 3393 ΙΙ

131 3419 165 3468 23
183 3414 266 3484 quasi
284 3432 334 3470 cm.
353 3420 380 3467 ΙΙ
395 3422 400 3473 Ι
415 3413 574 3468 naturalem
591 3419 653 3466 LPb
677 3415 686 3483 ΙΙ
709 3418 742 3465 24
761 3431 823 3466 mm
846 3430 895 3468 om.
915 3419 952 3466 ΡΙ)
969 3415 974 3482 Ι
989 3428 1055 3483 ergo
1074 3419 1111 3466 Pe

130 3487 198 3559 ssu]
217 3505 268 3540 svn
290 3492 310 3538 L
345 3502 402 3539 non
420 3491 440 3538 Ρ
460 3490 464 3550 Ι
484 3505 518 3538 rr
537 3502 586 3540 om.
605 3490 657 3537 ΙΙΡ
677 3486 681 3556 Ι
702 3500 798 3537 sensus
820 3487 863 3539 est
880 3490 901 3536 L
917 3486 921 3553 Ι
936 3501 988 3537 nec
1006 3489 1050 3536 LP
1067 3487 1071 3553 Ι
1086 3499 1138 3538 nos

131 3563 169 3610 Pa
181 3560 192 3628 ΙΙ
205 3563 239 3610 23
258 3557 307 3626 qui
324 3559 388 3612 add.
408 3572 425 3610 a
443 3562 470 3608 ΙΙ
486 3561 490 3625 Ι
505 3555 618 3609 fortuna
635 3561 663 3608 ΙΙ
689 3573 739 3610 om.
758 3561 796 3608 Pe
812 3559 816 3628 Ι
832 3555 938 3610 faceret
955 3561 992 3608 Pe

928 3643 978 3696 17*
