2575 3900
494 181 709 238 PRAEFATIO.
1073 183 1113 237 IX

172 333 288 392 Praeter
319 334 392 394 haec
423 334 622 395 instrumenta
658 336 778 410 praesto
815 334 888 392 mihi
924 335 1045 393 fuerunt
1077 355 1113 392 ex

115 423 279 483 bibliotheca
293 423 445 482 Bonnensi
458 423 665 482 liberalissime
684 423 797 482 credita
810 442 853 498 ea,
868 442 943 498 quae
954 423 1113 499 Philippus

114 511 269 571 1111111111
292 515 483 589 praematura
506 515 602 571 morte
626 513 800 587 absumptus
822 512 953 587 reliquit.
990 513 1042 588 qui
1065 513 1113 571 uir

113 619 216 660 summa
243 602 379 662 doctrina
406 602 622 680 diligentiaque
644 602 808 661 instructus
837 604 997 677 postquam
1021 601 1113 660 Statii

112 690 253 749 Thebaida
281 695 311 750 et
337 691 505 750 Achilleida
532 691 638 767 edidit,
662 691 717 750 hos
740 709 856 766 quoque
885 691 1113 751 commentarios

113 779 229 838 edendos
260 780 317 839 sibi
346 764 543 857 proposuerat
568 799 623 839 neo
649 799 710 838 non
737 783 798 838 tres
824 779 939 856 priores
966 799 1112 839 commen-

111 869 246 928 tariorum
259 869 351 928 libros
369 870 430 927 iam
445 872 595 945 apparatu
608 869 712 928 critico
727 872 896 928 ornauerat.
920 868 967 928 1111
986 869 1112 944 aliisque

112 958 191 1016 abeo
209 958 332 1034 relictis
351 977 427 1035 quae
441 959 572 1017 Vsenero
588 961 709 1016 auctore
728 956 925 1017 bibliothecae
946 957 1113 1018 Bonnensis

111 1047 182 1106 facta
204 1050 283 1123 sunt,
306 1048 414 1124 quibus
432 1047 506 1106 locis
524 1064 595 1106 usus
613 1047 678 1122 sim,
697 1049 834 1105 accurate
854 1046 1029 1124 significant.
1057 1065 1112 1122 pro

110 1137 294 1196 fundamento
318 1139 420 1196 autem
438 1136 578 1195 editionis
596 1155 631 1194 ea
654 1155 715 1195 non
737 1134 838 1210 habui,
861 1136 1002 1211 quoniam
1020 1135 1112 1194 Kohl-

109 1245 255 1302 mannum,
279 1226 331 1302 qui
359 1225 473 1285 codices
501 1244 561 1284 non
588 1228 669 1285 totos
697 1225 943 1300 comparauisset,
967 1243 1112 1283 commen-

109 1316 193 1374 tarios
220 1316 285 1374 alia
310 1315 427 1374 ratione
460 1314 609 1372 editurum
636 1314 728 1373 fuisse
755 1313 917 1372 uerisimile
945 1316 991 1371 est
1022 1317 1113 1389 atque

108 1404 172 1462 mihi
194 1405 255 1481 ipsi
277 1404 444 1463 uidebatur.

165 1494 240 1552 Mihi
270 1493 390 1569 quidem
412 1493 444 1550 id
471 1510 656 1567 summopere
688 1492 836 1569 agendum
867 1491 966 1550 uisum
994 1494 1052 1568 eet,
1078 1493 1114 1549 ut

107 1583 218 1641 tandem
233 1583 398 1658 aliquando
413 1581 508 1641 denuo
527 1581 633 1639 horum
648 1581 928 1641 commentariorum
942 1583 1113 1640 contextum

107 1673 273 1748 proferrem,
297 1671 395 1747 qualis
418 1670 584 1746 antiquitus
608 1669 663 1728 sub
685 1669 837 1730 Lactantii
855 1669 970 1729 Placidi
993 1670 1113 1729 nomine

107 1761 283 1819 tradebatur.
314 1778 389 1836 quae
404 1778 475 1819 uero
484 1761 585 1835 partes
600 1759 827 1833 antiquissimae
838 1760 906 1834 sint,
922 1777 998 1834 quae
1007 1763 1113 1834 postea

107 1850 267 1926 quibusque
295 1848 478 1926 temporibus
506 1848 626 1906 additae
651 1847 723 1924 sint,
747 1848 911 1907 discernere
940 1866 1028 1906 ausus
1053 1867 1114 1906 non

107 1958 172 1997 sum.
201 1943 235 1999 at
260 1958 334 2016 quas
357 1943 457 2016 partes
481 1936 682 2014 compluribus
705 1937 741 1996 de
760 1937 856 1997 causis
878 1936 1039 1997 nouissime
1062 1937 1113 1996 ad-

106 2028 177 2089 ditas
190 2029 346 2106 putabam,
365 2028 449 2087 uncis
467 2028 582 2103 seclusi,
602 2046 784 2102 quamquam
801 2027 896 2086 multo
915 2028 1003 2103 plura
1021 2027 1113 2087 seclu-

106 2117 195 2177 denda
209 2138 275 2178 esse
289 2137 349 2177 non
358 2118 472 2194 ignoro.
505 2116 541 2175 de
554 2116 601 2175 his
621 2116 740 2191 quidem
754 2116 842 2175 rebus
856 2116 1013 2175 diiudicari
1027 2135 1112 2192 posse

105 2226 196 2286 spero,
221 2208 248 2267 si
278 2207 410 2267 omnium
437 2206 570 2265 codicum
599 2205 804 2264 Statianorum
833 2205 946 2265 scholia
973 2223 1040 2264 cum
1066 2205 1113 2264 his

105 2296 321 2355 commentariis
341 2297 515 2371 comparata
537 2297 631 2353 erunt.
664 2298 730 2352 tum
748 2294 874 2354 fortasse
894 2294 986 2354 etiam
1000 2295 1112 2370 perspi-

104 2385 201 2465 cietur,
226 2386 295 2461 quis
318 2384 410 2443 fuerit
427 2384 603 2443 Lactantius
625 2384 677 2441 ille
696 2383 836 2443 Placidus
860 2402 956 2459 quoue
979 2385 1113 2460 tempore

105 2474 221 2552 uixerit,
245 2494 319 2533 num
342 2473 571 2533 commentarius
593 2473 625 2530 in
648 2472 827 2549 Achilleida,
850 2472 901 2548 qui
924 2473 956 2529 in
973 2476 1001 2530 L
1025 2475 1057 2530 et
1078 2476 1114 2530 M

105 2562 183 2623 libris
210 2564 285 2623 solis
308 2562 450 2640 traditur,
475 2561 638 2621 abeodem
662 2565 783 2621 auctore
810 2561 937 2637 scriptus
960 2561 1000 2618 111
1023 2563 1113 2636 atque

104 2652 133 2709 in
145 2653 309 2730 Thebaida,
329 2670 405 2728 quae
423 2651 502 2710 ratic
520 2650 687 2709 intercedat
704 2650 783 2708 inter
801 2650 874 2710 haec
893 2649 1007 2709 scholia
1025 2650 1113 2709 aiios-

106 2760 157 2816 que
178 2762 283 2801 rerum
305 2740 504 2816 mythicamm
528 2740 700 2817 scriptores,
723 2739 792 2798 alia.
828 2739 892 2815 ipse
915 2738 971 2797 hoc
995 2739 1114 2814 quidem

105 2830 164 2889 loco
188 2831 225 2889 de
255 2831 302 2889 1111
324 2830 412 2889 rebus
440 2848 527 2907 agere
555 2828 652 2905 nolui,
675 2828 726 2887 sed
753 2830 859 2903 postea
886 2827 946 2887 alio
973 2828 1040 2887 loeo
1067 2848 1113 2886 me

105 2921 238 2979 acturum
263 2938 325 2979 esse
349 2937 442 2995 spero.
480 2918 553 2977 satis
576 2918 671 2995 igitur
692 2916 784 2975 hebui
807 2916 942 2976 tabulam
965 2917 1113 2977 addidisse
1238 2991 1240 2996 ,

104 3008 243 3086 locorum,
268 3009 319 3084 qui
340 3007 530 3083 aliquomodo
550 3026 616 3066 cum
630 3005 858 3083 Mythographis
872 3006 1028 3066 Vaticanis
1046 3025 1114 3067 eon-

106 3098 243 3157 sentiunt.
291 3097 501 3156 Seruiancrum
537 3096 671 3155 locorum
706 3094 842 3154 tabulam
879 3096 986 3155 addere
1019 3096 1114 3173 omisi,

107 3186 344 3261 quandoquidem
362 3186 522 3245 Ricardum
539 3185 628 3245 Klotz
651 3185 728 3244 hanc
748 3204 810 3243 rem
833 3187 1031 3245 tractaturum
1051 3203 1113 3243 esse

107 3274 170 3335 scio.
216 3276 256 3334 In
277 3276 405 3335 indicem
427 3294 522 3350 neque
546 3293 582 3333 ea
604 3274 727 3333 nomina
748 3274 860 3351 recepi,
884 3293 959 3350 quae
983 3294 1019 3333 ex
1040 3273 1115 3349 ipsis

107 3362 191 3423 Statii
220 3364 401 3423 carminibus
428 3363 576 3438 exscripta
603 3365 685 3438 sunt,
709 3382 804 3438 neque
828 3364 958 3438 quaein
980 3362 1115 3421 uersibus

102 3452 154 3525 'qui
184 3454 350 3512 laudantur
380 3456 450 3512 sunt
478 3459 718 3511 commemorata.
759 3453 791 3510 in
823 3452 984 3511 scribendis
1014 3454 1115 3510 autem

107 3542 273 3601 nominibus
292 3562 327 3601 ea
348 3561 418 3602 usus
437 3561 503 3601 sum
524 3542 651 3619 ratione,
673 3542 708 3598 ut
726 3559 786 3599 non
804 3540 844 3599 ad
862 3559 965 3599 ueram
987 3539 1115 3597 formam
