2575 3900
298 227 587 284 COMMENTARIVS
605 229 647 284 IN
663 228 804 283 LIBltVM
821 229 842 284 I.
1034 227 1077 293 65

139 381 196 438 633
219 397 300 438 anau
322 396 457 439 summus
479 398 584 440 vaauen
606 381 662 439 hoc
683 383 729 438 est
750 380 782 438 in
803 379 876 439 urbe
899 379 1077 438 dominatur.

138 470 197 528 634
220 485 295 527 nvcr
319 466 448 544 Crotopo
559 486 678 529 annuus
701 486 784 528 roma
801 469 1005 544 iniquissimus
1027 488 1078 544 pe·

82 556 216 616 stilcntiae
240 557 331 617 furor.
377 557 440 616 siue
464 556 568 633 Sirius,
592 558 643 633 qui
666 559 755 617 certis
777 557 960 634 temporibus
982 557 1078 616 uideri

80 646 207 722 pestilens
230 646 315 720 solet,
338 665 416 705 nunc
439 646 496 705 sibi
518 647 590 705 anni
613 647 712 722 spatia
733 647 908 706 uindicaret.

57 743 69 784 ⁵
136 737 194 794 637
218 752 349 794 wvnnna
374 753 427 802 our
445 753 547 795 osana
565 754 671 796 eornm
694 736 727 794 id
749 737 795 795 est
817 737 869 811 qui
891 736 1079 812 peremerant

25 841 26 846 ¹
81 826 240 882 monstrum.
650 843 653 850 ·

136 914 197 973 638
220 929 404 972 roanvrann
427 929 516 971 annu
545 913 729 989 apostropha
751 913 790 972 ad
812 914 910 990 ipsum
931 913 1078 989 iuuenem,

79 1001 122 1077 qui
142 1021 194 1077 pro
217 1001 317 1078 patn‘a
340 1001 460 1077 optauit
480 1002 565 1060 mori.
641 1019 738 1062 uranu
759 1020 977 1062 raounarrvan
1000 1021 1079 1062 nrum

25 1101 26 1104 ’
78 1090 173 1168 digne
197 1089 373 1150 aduerbinm
395 1091 448 1149 est.
964 1108 966 1112 ·

25 1211 26 1216 κ
49 1189 67 1228 1⁰
135 1181 196 1239 641
222 1196 378 1240 coenamve
393 1196 455 1238 ona
468 1197 585 1240 maana
599 1199 667 1239 eum
680 1180 718 1240 ob
732 1179 939 1239 declinandam
951 1181 1079 1238 mortem

25 1259 26 1338 ζ
76 1271 167 1342 posset
192 1265 341 1328 Coroebus
369 1287 399 1328 se
427 1268 573 1344 occulere,
603 1269 727 1344 propior
757 1272 859 1327 tamen
886 1287 916 1327 se
943 1268 1079 1345 Apollini

25 1347 27 1436 1
76 1357 177 1416 mrenti
199 1357 310 1417 obtulit
332 1357 368 1415 de
391 1376 488 1432 poena
510 1375 636 1417 securus

25 1439 26 1466 ³
136 1448 196 1506 643
219 1465 283 1506 nors
303 1463 412 1506 nasove
435 1463 622 1505 amsans
645 1464 724 1507 nvos
745 1446 988 1523 Thymbraeus
1006 1445 1224 1519 dici-cnara

76 1536 120 1592 tur
143 1535 252 1611 Apollo
279 1534 318 1594 ab
344 1535 437 1594 herba
463 1535 618 1612 thymbra,
645 1553 722 1611 quae
749 1535 782 1593 in
810 1536 922 1613 templo
945 1535 1079 1595 Troados

48 1623 208 1683 cebmdea
233 1624 361 1683 missus
374 1624 505 1700 humilia,
524 1625 664 1700 deiectae,
682 1627 736 1683 aut
748 1627 876 1684 coactus.
904 1625 956 1683 sed
973 1626 1079 1700 sponte

25 1707 26 1754 l
75 1711 124 1772 huc
149 1713 232 1788 ueni,
261 1732 322 1772 non
349 1713 388 1772 ad
415 1713 607 1791 supplicium,
634 1713 686 1772 sed
712 1714 809 1791 magis
832 1714 872 1772 ad
893 1713 1079 1772 iracundiam

25 1767 27 1852 A
76 1801 150 1860 tuam
171 1802 381 1862 lacessendam.
475 1799 625 1878 [sarrana
648 1821 702 1878 pro
725 1802 838 1878 templo
860 1802 969 1878 posuit
1008 1821 1079 1860 nam

25 1873 27 1957 1
75 1893 188 1964 penates
210 1891 365 1950 hominum
387 1893 465 1968 sunt,
492 1892 613 1950 deorum
634 1892 757 1968 templa.
803 1891 855 1950 sed
876 1890 925 1952 hic
946 1909 1001 1968 per
1022 1890 1079 1948 dif-

25 1960 27 2055 1
75 1978 231 2040 finitionem
255 1982 400 2057 templum
422 1981 527 2040 domus
550 1979 694 2057 deorum]

25 2070 66 2145 {¹⁰
134 2072 197 2129 644
221 2087 287 2129 arna
308 2089 351 2129 nn
374 2088 483 2129 einans
511 2089 538 2128 u.
559 2088 632 2131 ov.
665 2070 841 2146 pietatem
867 2068 977 2146 posuit,
1009 2068 1081 2145 quia

25 2146 27 2215 1
77 2156 147 2218 ciues
170 2177 238 2218 suos
259 2159 421 2219 internecio
444 2160 570 2218 monstri
593 2161 778 2236 seruauerat,
800 2158 986 2232 uirtutem,
1010 2156 1082 2233 quia

25 2300 27 2377 Ι
76 2264 128 2305 non
158 2248 285 2307 timebat
315 2249 469 2308 interitum
501 2251 556 2307 aut
584 2249 656 2324 quia
686 2248 798 2307 uirtute
830 2250 996 2307 monstrum
1033 2266 1081 2306 oc·

25 2392 26 2397 ,
80 2334 190 2395 aderat

25 2420 26 2453 ³
136 2428 197 2486 646
221 2443 367 2485 noaraan
386 2443 484 2484 anuas
507 2426 660 2503 eleganter
677 2426 809 2485 ostendit
826 2444 857 2485 se
875 2426 964 2501 culpa
982 2443 1081 2483 carere

25 2584 26 2587 1
47 2516 191 2593 *peccati
210 2514 357 2591 siquidem
370 2515 414 2573 nil
428 2516 563 2574 sanctum
576 2515 746 2594 uiolauerit,
766 2534 834 2574 cum
847 2516 964 2573 constet
980 2514 1082 2571 nefas

77 2606 256 2681 peremptum
276 2604 369 2663 fuisse
392 2604 555 2663 mortale.

25 2912 27 2927 r
142 2880 244 2934 lorbe
262 2885 290 2932 Π
311 2882 321 2949 11
347 2880 555 2951 ttcmporibus
573 2879 657 2935 certis
675 2885 738 2932 Ll’a
759 2882 770 2949 1
796 2880 1009 2948 tparcmarapt
1027 2883 1054 2930 Μ
1073 2878 1084 2956 11

25 2954 26 2999 ἶ
80 2950 276 3023 lapostropha
294 2957 314 3004 L
332 2952 342 3021 1
360 2956 376 3005 8
395 2952 470 3021 quod
487 2969 538 3022 pro
556 2956 593 3004 Pb
612 2953 622 3022 11
641 2956 675 3005 16
694 2968 808 3004 coramve
826 2952 897 3019 ῙιΡ11
912 2955 944 3002 11
964 2966 993 3004 sa
1012 2948 1083 3005 (lho-

25 3026 26 3035 *
78 3022 170 3077 roebua
188 3029 209 3075 1.
225 3034 230 3087 1
246 3021 388 3077 occultato
407 3028 443 3078 Pb
460 3027 464 3091 1
479 3022 593 3093 propior
610 3027 687 3075 ΗΡ
718 3020 848 3093 propiore
861 3021 940 3076 More.
971 3020 1083 3091 propio-

25 3160 26 3165 *
78 3094 234 3165 europa.
250 3095 261 3163 1
275 3099 308 3147 12
322 3093 426 3149 furenti
440 3111 508 3150 corr.
522 3097 552 3149 ia
567 3092 721 3149 ferienti!
736 3097 741 3163 1
757 3091 966 3163 optulitlll’efl
981 3098 1013 3146 13
1027 3109 1084 3147 non

79 3162 263 3219 nisithimbre
275 3166 340 3219 tuos
354 3170 391 3218 Pb
405 3168 414 3235 11
429 3170 463 3217 14
476 3165 589 3221 troadae
602 3171 639 3219 Pb
654 3167 664 3235 1
678 3170 712 3219 16
725 3163 839 3219 humilis
853 3180 904 3219 om.
914 3166 1023 3234 Pbll'l
1037 3182 1084 3215 rr-

25 3248 26 3309 j
79 3251 151 3289 raras
171 3280 223 3292 ...
243 3236 343 3289 domus
362 3235 477 3291 deorum
495 3254 545 3292 om.
564 3242 592 3291 u
613 3238 623 3306 11
642 3242 675 3290 18
695 3234 936 3291 difinitionemra
954 3237 964 3304 11
986 3239 1083 3287 acme

78 3321 134 3361 mea
150 3311 265 3377 napa.
285 3326 353 3362 cv.
373 3307 876 3379 om.1.1’1121internctlocorr.e'a
893 3303 1038 3361 internitio
1056 3309 1084 3356 Π

25 3384 26 3387 ’
80 3376 276 3434 internecticuo
299 3380 392 3434 Lab
415 3378 658 3449 imtemperatione
681 3384 718 3432 Pb
755 3378 792 3432 ab
814 3376 996 3433 intemitione
1018 3374 1082 3446 ΡιιΙ

79 3447 161 3504 uirtus
185 3449 321 3504 uirtutem
339 3450 435 3519 posuit
451 3456 489 3503 rb
511 3452 578 3521 1124
601 3468 684 3504 sarra
702 3467 826 3503 monceau
851 3454 872 3506 a
894 3448 898 3519 1
922 3443 1028 3501 morale
1047 3450 1085 3500 Pa

81 3522 222 3576 mortalem
239 3526 276 3574 Pb
292 3524 297 3591 1
313 3522 457 3593 eleganter
470 3540 521 3577 ora.
535 3527 562 3575 Ι
575 3523 584 3592 11
604 3526 637 3577 25
657 3523 769 3576 constat
785 3526 822 3574 Pb
836 3522 846 3589 11
864 3525 899 3572 26
916 3517 1003 3571 fuisse
1021 3532 1085 3586 per-

81 3595 200 3661 emptum
218 3598 254 3646 Pb
280 3594 284 3662 1
308 3593 428 3648 mortale
445 3598 473 3646 Ι
766 3634 768 3636 .

128 3692 201 3733 aren.
215 3692 286 3733 Pnao.
300 3704 344 3735 reo.
358 3693 477 3735 Jahnke.
908 3679 924 3726 5
