2575 3900
334 181 623 236 COMMENTARIVS
642 182 682 236 IN
699 182 839 237 LIBRVM
857 183 903 238 Ill
1067 184 1129 249 151

118 333 190 390 bina
221 332 327 390 fimera
356 352 410 408 per
437 333 570 410 singulas
596 335 700 408 portas
728 334 897 392 efferebant.
941 337 977 394 ut
1003 337 1034 393 et
1060 335 1130 394 hinc

116 422 241 479 daretur
270 421 406 498 intellegi
438 422 610 480 Thebanam
642 422 796 481 ciuitatem
830 425 944 499 septem
975 426 1130 499 portarum

118 511 201 569 exitu
223 511 401 570 decoratam.

186 602 249 660 203
273 617 407 659 nonoss1
428 599 610 659 Actaeonem
633 600 715 675 dicit,
738 601 789 676 qui
807 603 941 660 mutatus
959 602 992 660 in
1010 622 1130 661 ceruum
1138 613 1207 656 nina
1217 627 1240 665 ι).
1248 615 1277 657 92

90 690 250 764 sputatur,
274 689 354 764 quod
372 689 502 747 Dianam
522 689 632 748 nudam
656 692 819 766 aspexerat,
843 691 874 748 et
896 710 914 749 a
937 691 998 749 suis
1021 692 1131 750 dicitur

116 778 239 836 canibus
261 778 400 836 laniatus.
1156 849 1160 857 Ι

184 867 248 927 205
272 885 305 926 m
323 884 450 926 svmros
468 885 584 926 asama
601 884 701 926 necve
719 867 828 926 Dircen
851 868 1015 945 significat,
1038 888 1129 944 quam

114 955 268 1031 Amphion
287 958 318 1014 et
335 957 432 1031 ZetuS,
455 956 604 1031 Antiopae
624 959 655 1014 et
672 956 754 1015 Iouis
772 955 835 1031 filii,
854 958 941 1016 tauro
960 958 1128 1034 cinxerunt,

115 1045 153 1102 de
181 1045 264 1104 cuius
292 1045 434 1122 sangnine
465 1046 531 1104 fons
554 1047 643 1103 natus
667 1048 712 1103 est
734 1045 797 1103 eius
820 1046 938 1104 nomine
962 1047 1127 1106 decoratus.

72 1151 100 1190 so
206 1145 258 1192 slc'
277 1152 361 1193 uvas
384 1152 528 1193 sononvn
550 1134 631 1209 ideo,
659 1134 771 1210 inquit,
798 1134 853 1192 illa
875 1153 936 1193 non
958 1135 1028 1211 fleo,
1056 1137 1128 1211 quia

114 1223 280 1298 patientius
302 1223 409 1298 sertin,
437 1222 517 1298 quod
538 1223 603 1282 fato
627 1223 743 1282 accidit.
787 1243 865 1283 nunc
888 1243 957 1301 ergo
981 1224 1128 1300 quinqua-

114 1312 202 1388 ginta
224 1312 276 1370 isti
298 1312 376 1388 regis
398 1312 474 1370 uitio
499 1312 674 1370 ceciderunt.
712 1313 754 1370 sic
773 1311 874 1371 Cicero
897 1313 930 1370 in
951 1312 1127 1389 Philippicis

113 1396 200 1478 <14,
221 1395 296 1479 10>:
326 1395 433 1458 ‘multa
456 1402 557 1458 autem
578 1400 748 1476 impendere
771 1401 912 1460 uidentur
933 1405 1053 1478 praeter
1074 1422 1127 1461 na·

113 1492 215 1547 turam
242 1489 334 1547 etiam
360 1493 536 1566 praeterque
563 1485 680 1548 fatum'.
726 1490 851 1566 ideoque
874 1494 965 1567 poeta
987 1493 1128 1551 describit

66 1594 98 1634 τι)
112 1578 192 1636 illud
214 1579 345 1638 fatorum
363 1579 462 1654 fluisse,
485 1579 541 1637 hoc
563 1598 630 1637 non.
660 1579 695 1637 de
720 1599 780 1654 qua
801 1599 833 1638 re
856 1599 967 1658 magna
990 1582 1125 1658 quaestio

112 1670 169 1725 est.
211 1667 261 1725 sed
285 1668 309 1725 si
332 1668 537 1743 philosophiae
560 1668 774 1744 inuestigemus
797 1687 907 1727 arcana
933 1701 978 1713 -
1004 1671 1030 1728 si
1052 1672 1126 1730 haec

112 1759 216 1814 tamen
239 1757 314 1814 talia
337 1757 489 1816 credamus
513 1757 645 1815 euenisse
671 1789 709 1798 -
735 1758 863 1833 reperire
886 1776 1043 1833 possumus
1068 1761 1125 1818 hoc
1241 1822 1243 1825 ,

28 1907 31 1916 λ
110 1845 211 1922 magis
233 1846 297 1904 fato
324 1846 452 1921 factum,
481 1864 571 1920 quam
592 1865 647 1920 per
676 1846 807 1905 Eteoclis
833 1846 957 1904 insidias
988 1847 1125 1924 contigit.

22 1948 23 1953 ’
111 1934 195 2011 quod
226 1935 305 1993 enim
337 1935 459 1995 deorum
489 1935 651 1994 iracundiis
683 1937 767 1993 extra
794 1934 911 1994 fatum?
947 1936 1018 1995 licet
1045 1936 1125 1995 enim

68 2042 96 2081 20
111 2025 188 2100 diis,
221 2025 271 2100 qui
300 2025 366 2100 ipsa
393 2025 458 2083 fata
486 2027 652 2103 senserunt,
685 2025 781 2083 facere
817 2026 896 2101 quod
922 2025 1026 2084 uelint.
1072 2026 1125 2102 qui

110 2114 276 2171 humanum
308 2133 400 2191 genus
431 2114 488 2173 hoc
518 2114 638 2173 uinculo
671 2114 849 2191 ligauerunt,
881 2117 916 2172 ut
946 2114 1025 2173 iuuit
1056 2134 1126 2174 suas

109 2203 284 2261 uoluntates
308 2204 398 2278 atque
421 2202 565 2281 licentias.
612 2205 746 2261 attamen
771 2204 796 2261 si
818 2206 977 2280 utrumque
1000 2225 1124 2281 perpen-

111 2292 175 2367 das,
198 2293 230 2349 et
250 2291 307 2350 hoc
330 2292 364 2350 de
388 2292 452 2351 fato
476 2292 607 2350 euenisse
631 2293 792 2369 cognoscis.
828 2312 899 2351 nam
920 2295 955 2352 ut
978 2294 1124 2370 quinqua-

110 2381 199 2458 ginta
224 2383 421 2457 morerentur,
453 2400 507 2455 per
533 2382 611 2458 regis
638 2382 794 2456 perfidiam
821 2382 955 2460 contigit.
1002 2386 1032 2441 et
1059 2383 1123 2459 illa,

184 2621 284 2676 lbine
302 2627 339 2675 ΡΙ)
361 2624 365 2691 Ι
386 2622 415 2675 et
433 2638 483 2677 om.
502 2627 522 2673 Ρ
543 2624 546 2692 Ι
570 2620 729 2693 lintelligi
747 2627 792 2674 1.1’
816 2624 820 2691 Ι
846 2622 1031 2676 Actheonem
1050 2621 1123 2676 dixit

109 2700 146 2747 ΡΙ)
174 2694 178 2766 Ι
203 2710 325 2747 ceruum·
339 2710 408 2747 corr.
432 2711 465 2747 ex
488 2710 601 2747 ceruam
623 2695 682 2762 1111
704 2699 720 2746 5
740 2692 895 2761 axpesserit
912 2698 949 2744 ΡΙ)
976 2694 985 2762 ΙΙ
1013 2692 1122 2747 Sletus

108 2772 147 2818 Pa
164 2764 168 2836 Ι
185 2764 259 2819 louis
279 2767 307 2819 et
325 2763 464 2833 Antiopae
483 2766 523 2833 11
543 2764 648 2818 iunxer‘
662 2766 720 2833 1111
744 2769 759 2816 9
779 2764 822 2817 est
839 2765 923 2817 natus
942 2769 962 2815 L
983 2765 994 2834 ΙΙ
1017 2768 1051 2817 10
1069 2764 1122 2820 illa

108 2836 204 2905 inquit
222 2841 259 2889 Pa
275 2839 279 2904 Ι
295 2834 376 2889 illam
393 2841 431 2888 ΡΙ)
452 2840 456 2903 Ι
477 2834 544 2903 quia
562 2853 612 2891 om.
631 2839 669 2887 Pa
691 2836 701 2904 ΙΙ
724 2838 757 2887 12
776 2832 846 2887 uitio
865 2851 915 2888 om.
934 2840 972 2887 Pa
993 2838 1004 2906 ΙΙ
1027 2836 1121 2891 1311)-

106 2907 231 2977 pendere
250 2911 277 2959 11
292 2909 303 2977 ΙΙ
325 2912 358 2960 14
378 2907 464 2961 etiam
482 2924 531 2961 om.
551 2912 592 2958 LP
617 2910 620 2975 Ι
640 2907 876 2975 praeterquam
898 2907 928 2959 et
945 2910 1057 2976 praeter
1074 2915 1094 2961 1.

107 2982 143 3047 cf.
162 2980 243 3034 solsol.
263 2978 288 3031 ΙΙ
303 2982 353 3031 191
376 2981 380 3047 Ι
400 2978 464 3031 ideo
483 2980 512 3031 et
530 2979 601 3047 1ΡΙΙ
621 2983 654 3031 16
674 2976 698 3030 si
716 2993 766 3030 om.
785 2980 822 3027 ΡΙ)
838 2979 843 3045 Ι
863 2975 1056 3048 philosophice
1075 2986 1095 3032 Ι.

108 3056 142 3103 11
161 3053 259 3104 tamen
277 3050 348 3103 haec
366 3054 402 3101 ΡΙ)
420 3049 424 3120 Ι
439 3048 512 3103 talia
524 3051 621 3103 tamen
635 3046 762 3102 euenisse
777 3047 922 3102 credamus
936 3055 957 3102 Ι.
973 3051 977 3121 Ι
993 3050 1121 3105 euenisse

107 3121 249 3177 credimus
268 3126 305 3173 Pb
322 3120 325 3191 Ι
342 3120 393 3175 hec
411 3125 448 3173 ΡΙ)
463 3124 471 3191 ΙΙ
493 3125 526 3173 18
544 3120 652 3174 factum
669 3126 739 3188 spat.
758 3136 818 3173 acc.
837 3120 885 3174 rel.
904 3137 954 3175 om.
974 3127 1011 3174 ΡΙ)
1043 3122 1121 3176 facto

106 3199 145 3246 Pe
171 3194 176 3265 Ι
201 3192 277 3261 quod
295 3197 388 3244 nstra
407 3209 492 3260 quam
509 3196 546 3244 ΡΙ)
571 3194 575 3261 Ι
600 3207 651 3260 per
668 3208 719 3245 om.
739 3192 802 3245 add.
821 3196 848 3243 1
873 3193 878 3261 Ι
899 3192 1039 3263 contingit
1056 3199 1094 3245 Pa

108 3269 141 3318 19
166 3263 226 3332 qud
248 3268 285 3315 ΡΙ)
322 3262 410 3331 quid?
437 3265 446 3333 ΙΙ
474 3268 507 3315 20
526 3262 575 3331 qui
593 3268 621 3313 11
657 3260 759 3330 quibus
777 3266 814 3313 ΡΙ)
851 3279 883 3334 qq
901 3268 938 3315 ΡΙ)
975 3263 1080 3331 quial.

108 3336 263 3389 sanxerunt
280 3340 317 3387 ΡΙ)
343 3338 347 3403 Ι
377 3333 482 3403 quiaL
511 3333 515 3405 1
545 3332 709 3403 obligarunt
726 3338 773 3384 Ion
798 3334 808 3402 ΙΙ
835 3339 867 3386 21
892 3336 925 3387 ut
946 3333 1057 3387 iuuitL
1089 3336 1121 3387 ut

107 3406 182 3461 iuret
203 3406 234 3460 in
251 3406 349 3460 Barth.
369 3422 443 3459 nunc
460 3410 531 3458 ΡΙΡΙ)
564 3421 620 3458 non
637 3411 675 3457 Pa
709 3404 832 3459 Gadium.
851 3406 861 3473 l
883 3410 917 3458 93
935 3405 1001 3475 hoc]
1019 3402 1073 3457 hoc
1091 3405 1120 3458 et

108 3476 221 3532 illudi
250 3477 303 3531 hoc
321 3476 432 3530 illudr
457 3480 460 3545 Ι
487 3476 621 3531 deman
641 3480 644 3540 Ι
666 3491 817 3545 cognosces
835 3477 935 3545 11191
953 3474 1122 3529 morirentur

109 3554 145 3602 ΡΙ)
162 3553 167 3617 Ι
183 3565 234 3619 per
247 3564 297 3603 om.
311 3553 349 3600 ΡΙ)
366 3550 369 3618 Ι
385 3546 504 3617 perfidia
521 3553 558 3599 ΡΙ)
575 3550 579 3617 Ι
596 3546 735 3617 contingit
753 3551 791 3598 Pa
822 3544 918 3600 euenit
934 3551 971 3597 ΡΙ)
