2575 3900
329 205 617 266 COMMENTARIVS
634 211 676 265 IN
693 211 834 268 LIBRVM
850 213 885 267 H.
1064 213 1108 278 83

111 383 176 421 rum
200 362 231 421 id
257 365 304 422 est
338 381 392 439 per
419 361 658 438 septenmionem
709 382 762 439 per
794 366 898 422 arcton
928 363 1007 422 enim
1034 364 1112 424 solet

110 452 201 511 uolcre
222 451 400 527 Mercurius,
431 451 502 528 quia
524 450 566 509 ibi
588 451 686 511 msior
707 454 754 511 est
774 455 883 512 uentus
905 455 936 511 et
958 453 1112 512 citatiores

109 541 174 601 feeit
193 541 257 600 eius
279 541 407 601 uolutus.
519 558 702 607 uunmmvr
724 558 866 600 smum
887 560 989 601 cvrum
1013 541 1111 619 philo·

31 601 33 670 3
109 631 184 707 sophi
206 631 310 689 lunum
333 632 445 689 terrum
467 647 529 688 esse
552 628 669 706 dicunt,
697 648 773 706 quse
795 630 875 690 circu
896 633 1031 690 nostrum
1053 632 1111 692 hoc

31 715 33 790 ᾖ
87 721 194 778 ssolum
225 719 336 779 circulo
369 718 477 778 altiore
509 735 652 795 suspenso
678 721 731 778 est.
780 719 854 779 haec
881 722 982 778 autem
1010 721 1111 780 omnia

31 803 32 838 ³
109 827 222 885 corpore
240 809 357 867 maiore
375 807 483 885 gignit,
499 809 604 884 utpote
624 826 701 884 quae
717 807 818 867 uicino
836 808 877 866 sit
894 809 984 868 caelo.
1003 811 1110 886 poetae
1167 812 1170 818 '

108 898 225 975 denique
249 915 350 957 omnes
373 898 510 956 usserunt
531 896 648 955 leonem
671 897 707 955 de
729 896 777 956 his
794 896 873 973 polis
891 900 999 975 ortum,
1022 917 1110 974 quem

30 993 32 1056 3
106 986 240 1072 Hercules
259 986 432 1064 prostrauit,
450 987 486 1044 ut
503 985 595 1044 etism
613 983 759 1062 Olympus
777 986 830 1062 sii,
849 1004 940 1064 quere
958 987 1110 1063 proximus

30 1063 32 1196 3
106 1076 141 1134 sit
160 1076 249 1136 terris
276 1079 307 1134 et
334 1075 466 1134 ultimus.
513 1074 550 1133 de
571 1074 672 1133 lunari
694 1076 796 1133 eutem
817 1074 906 1152 globo
929 1075 1010 1152 apud
1031 1095 1111 1136 mor-

30 1199 32 1236 3
76 1165 204 1224 letalium
227 1183 321 1244 genus
343 1164 419 1224 coeli
442 1163 521 1223 ratio
543 1163 708 1241 ignoratur.
736 1163 880 1222 leuiorem
900 1164 1110 1243 perstringam,

30 1249 31 1322 3
106 1256 169 1330 quic
194 1255 253 1314 hoc
280 1252 416 1313 diuinum
441 1253 543 1311 lumen
570 1252 686 1311 animos
711 1254 776 1311 tum
803 1253 839 1311 de
860 1253 951 1312 astris
974 1252 1110 1312 omnibus

30 1343 32 1438 3
105 1363 187 1420 quam
221 1344 257 1402 de
290 1342 370 1402 omni
400 1341 528 1401 motoria
554 1341 658 1400 mundi
685 1340 838 1401 subtracta
865 1344 952 1419 perte
981 1361 1110 1420 superne

29 1443 31 1476 2
104 1434 209 1510 excipit
236 1434 267 1491 et
294 1431 426 1508 decerpit
453 1430 538 1508 quasi
560 1430 688 1506 lumino,
716 1449 792 1507 quae
814 1434 920 1507 posteo
941 1433 988 1490 ter
1011 1432 1109 1509 quinis

29 1479 31 1628 3
104 1521 211 1598 diebus,
233 1524 269 1579 ut
290 1521 462 1599 collegerat,
487 1519 613 1579 totidem
635 1519 769 1579 refundit
789 1520 822 1578 in
843 1521 976 1582 fratrem.

72 1627 91 1667 rs
162 1613 203 1671 59
229 1627 313 1669 mvl
335 1627 434 1670 svers
455 1611 491 1667 ut
512 1608 659 1687 Virgilius
685 1603 781 1688 (Aen.
807 1608 851 1668 IV
874 1605 973 1690 256>2
1001 1604 1108 1669 ‘terres

101 1699 173 1760 inter
195 1699 371 1775 coelumque
394 1693 537 1758 uolebst’.

161 1793 201 1851 61
232 1805 370 1847 nscrmr
400 1805 508 1846 ummo
541 1803 633 1845 ouum
666 1787 751 1863 quasi
782 1805 843 1846 non
874 1787 971 1846 solum
1003 1786 1108 1847 obuius

101 1877 241 1939 Mercurio
271 1877 396 1936 Somnus
426 1878 576 1954 assurget,
607 1875 658 1936 sed
685 1876 854 1935 uenientem
881 1876 1002 1934 tramite
1026 1878 1107 1935 certo

101 1967 231 2029 declinet.
858 1992 860 1994 ·

70 2070 91 2110 ἥ
162 2061 203 2119 62
227 2074 375 2116 mrumos
398 2054 469 2133 quis
491 2072 580 2131 super
596 2054 717 2114 lunares
733 2054 819 2131 polos
837 2054 954 2113 dixerat
970 2054 1014 2112 ire
1031 2052 1108 2113 Mer-

101 2147 216 2207 curium.
282 2161 527 2209 rulusurrlovu
545 2162 606 2203 non
624 2143 704 2202 enim
720 2145 847 2203 nuturee
864 2144 940 2221 lege,
958 2144 1010 2202 sed
1027 2144 1106 2202 ferro

101 2237 158 2295 uite
181 2236 341 2295 defunctus
364 2235 417 2292 est

162 2328 204 2387 64
227 2339 457 2388 romvrruovu
481 2338 537 2381 svo
560 2340 589 2379 n.
609 2340 635 2382 r.
655 2341 683 2379 r.
706 2321 792 2380 illam
814 2322 915 2400 tangit
935 2322 1107 2380 historiam:

102 2432 161 2473 cum
174 2415 258 2489 deus,
277 2410 390 2471 scilicet
402 2409 574 2486 Mercurius,
589 2428 726 2469 somnum
739 2415 866 2487 caperet,
880 2410 1011 2487 quidam,
1023 2410 1107 2469 cuius

70 2513 202 2563 onomen
225 2500 347 2561 fabulae
369 2502 481 2575 tenent,
503 2499 662 2558 dormienti
680 2500 809 2559 tetendit
825 2500 956 2559 insidias.
985 2499 1037 2574 qui
1059 2517 1107 2557 co-

100 2596 166 2651 neto
189 2590 363 2671 peregisset,
385 2589 443 2647 nisi
466 2608 533 2647 eum
554 2588 618 2647 filie
639 2588 796 2671 Palaestra
817 2587 1013 2648 excitsmsset.
1055 2587 1107 2663 qui

100 2756 310 2767 ———--———·-

28 2838 30 2925 3
167 2863 1106 2936 1idestom.1’3srctos11³3enimom.lll’320t...uo-

28 2990 29 2995 ,
99 2937 169 2993 lasus
183 2943 283 2995 omri
298 2939 307 3007 3
321 2942 338 2992 4
352 2952 412 2991 esse
426 2939 563 2991 terrem
579 2936 584 3008 3
599 2935 798 2990 interrumh
815 2934 984 2991 interral’b
998 2938 1008 3004 3
1022 2940 1038 2989 ὁ
1052 2935 1106 2990 hoo

28 3006 29 3059 3
100 3014 168 3080 lb33
196 3008 477 3076 tmaioruom.103
523 3005 530 3018 '
571 3006 971 3077 untP3sithuut1P3
999 3006 1106 3077 ῚροΗε

28 3102 29 3109 ¹
100 3083 200 3136 sortem
214 3086 242 3132 Ι
258 3079 319 3150 poli
332 3080 436 3155 sortem
448 3085 469 3131 Ρ
482 3080 492 3149 33
502 3024 682 3147 ffiympius
695 3080 754 3134 iam
763 3079 965 3147 Wrmodorfios
973 3096 1083 3149 propos.
1101 3080 1104 3148 3

100 3152 176 3220 quusi
191 3158 212 3205 Σ.
229 3157 233 3220 3
249 3166 336 3220 quere
416 3148 532 3204 ultimus
546 3166 602 3205 noc
617 3151 750 3221 doudego.
769 3152 802 3206 in
821 3151 918 3206 Caesel.
939 3149 1012 3205 (ἤιά.
1033 3148 1105 3204 Oolb.

100 3223 227 3295 leguntur
239 3228 304 3292 post
321 3221 468 3292 ignoretur
481 3222 490 3289 3
505 3226 520 3275 9
535 3220 570 3275 de
588 3220 674 3292 globo
692 3223 787 3276 eutem
799 3238 932 3291 superscr.
946 3219 1039 3275 lunari
1056 3224 1084 3270 Ι
1099 3220 1103 3289 3

100 3297 192 3349 sutem
206 3292 300 3348 lunari
312 3294 439 3348 PbMoc.
452 3294 462 3361 33
477 3297 509 3345 11
525 3289 592 3361 quio
607 3297 676 3345 Hb
694 3293 770 3361 quod
787 3299 808 3346 1.
826 3295 856 3348 et
871 3299 910 3346 P·
922 3294 933 3362 Ι
947 3298 980 3345 13
998 3288 1106 3343 lumina

100 3370 165 3420 ns
183 3366 283 3419 lunum
300 3370 362 3418 Hb
385 3366 395 3434 3
418 3368 451 3417 15
470 3363 502 3417 ut
521 3406 527 3419 .
543 3404 548 3417 .
565 3407 570 3417 .
589 3361 664 3418 inter
681 3381 731 3419 cm.
749 3368 798 3432 13
817 3362 954 3433 Virgilius
972 3378 1022 3417 om.
1041 3364 1078 3412 Pb
1095 3359 1106 3430 33

102 3441 131 3492 18
148 3436 282 3492 ueniente
300 3442 320 3489 Ι.
342 3438 346 3505 3
374 3440 408 3489 21
426 3435 576 3505 praerepta
593 3439 645 3488 ΠΡ
665 3438 670 3505 3
696 3434 783 3508 enim]
800 3434 832 3489 in
848 3439 885 3487 Pb
908 3436 918 3504 3
940 3437 974 3486 23
992 3449 1019 3485 r.
1037 3448 1061 3485 r.
1079 3449 1104 3511 ¹³:

101 3525 146 3563 om.
165 3509 286 3576 111'3324
304 3506 341 3561 sc‘
358 3506 413 3561 'cet
429 3504 582 3560 Mercurius
601 3522 651 3561 om.
670 3511 697 3558 ll
709 3509 719 3576 3
733 3511 768 3560 25
786 3505 836 3574 qui
852 3507 948 3559 temen
965 3507 1032 3555 11’0
1056 3518 1105 3568 qm

103 3594 161 3633 cum
178 3584 218 3632 Pb
232 3580 242 3649 33
255 3583 288 3633 26
308 3581 382 3649 eum]
401 3579 523 3649 cogitaui
540 3579 573 3633 de
591 3576 675 3632 deum
692 3579 833 3634 scribendo

910 3659 945 3711 61
