2575 3900
329 231 619 322 COMMENTARIVS
637 233 677 287 IN
694 232 835 287 LlBRVM
853 232 886 287 V.
1048 234 1114 299 275

170 386 235 443 247
258 402 299 442 nr
320 402 429 444 uncum
446 401 605 444 ronrassn
626 401 726 443 canus
748 384 822 443 bene
846 384 881 442 de
904 384 1036 459 periculo
1061 403 1113 443 suo

102 472 266 551 dubitauit,
294 474 366 550 quia
392 474 427 532 de
451 492 523 533 sexu
544 474 682 534 muliebri
704 492 765 532 non
788 473 1016 532 coniurauerant
1039 474 1114 532 ooni-

101 562 198 621 dendo
225 561 409 623 Lemniades.
455 563 627 639 perimenda
654 562 733 621 enim
760 563 833 621 haee
860 563 959 621 fuerat
984 564 1020 620 ut
1046 580 1114 637 pro-

102 650 195 709 ditrix
217 651 439 710 coniurationis.

72 756 86 796 5
169 741 233 800 250
265 757 418 799 ouvnums
449 758 588 801 vuarinus
621 759 655 799 eo
694 740 775 816 quod
810 758 869 797 nox
904 739 1041 797 ueniens¹
1064 758 1113 798 eos

101 847 204 887 somno
223 831 435 905 prostrauerat.
471 830 551 888 inter
572 849 702 905 uesper
722 832 753 887 et
774 846 926 903 uespera
948 828 1005 887 hoo
1023 828 1113 887 inter-

100 920 159 976 est:
187 917 323 994 Vesper
350 921 395 977 est
422 918 523 993 stella,
554 937 706 994 uespera
733 920 863 993 tempus,
897 936 955 993 quo
983 936 1042 976 nox
1068 917 1113 975 in-

100 1006 244 1084 greditur,
267 1007 347 1083 quod
369 1008 426 1066 hoo
447 1007 513 1066 loeo
536 1010 626 1083 poeta
650 1006 798 1065 describit.

168 1096 231 1155 252
251 1114 304 1154 uro
322 1099 474 1155 hmanssa
493 1113 583 1155 nonis
602 1113 664 1156 ons
682 1096 739 1155 hio
757 1114 811 1171 pro
831 1090 905 1154 ‘ibit
938 1096 1113 1171 impressa

58 1201 86 1241 1o
99 1184 249 1259 implicita
272 1203 325 1244 ora
348 1185 387 1243 ad
408 1186 527 1244 lectum.

169 1275 231 1332 261
261 1292 379 1333 suumn
403 1292 466 1334 non
493 1291 620 1333 suavius
649 1290 726 1332 ossa
754 1271 908 1349 Centauri,
940 1271 1053 1331 Ixionis
1083 1274 1114 1331 et

99 1361 188 1420 nubis
205 1362 270 1437 filii,
294 1382 384 1438 quam
402 1381 456 1439 pro
475 1380 505 1421 se
524 1361 598 1421 Iuno
617 1362 756 1420 mutauit.
795 1362 847 1437 qui
865 1380 931 1420 oum
949 1363 981 1420 in
1000 1361 1113 1437 nuptiis

99 1450 229 1509 Pirithoi
260 1451 404 1510 ebrietate
436 1451 597 1511 oaluissent
625 1454 657 1509 et
687 1452 802 1509 uellent
828 1452 946 1527 puellae
974 1450 1113 1510 nubentis

99 1538 264 1616 irrumpere
295 1539 474 1617 thalamum,
502 1560 521 1599 a
546 1539 698 1616 Lapithis,
732 1559 857 1615 quorum
884 1560 935 1599 rex
961 1539 1114 1599 Pirithous

58 1628 167 1707 isfuit,
188 1621 370 1712 interemplti
392 1632 469 1688 sunt.
698 1625 700 1629 ’
1118 1624 1186 1665 Μ·
1195 1636 1216 1675 1'·
1227 1625 1267 1667 ¹7⁵

168 1719 232 1777 263
255 1736 431 1778 monnau
453 1718 590 1778 Herculis
612 1717 747 1776 fabulam
770 1717 877 1795 tangit
916 1718 967 1793 qui
991 1737 1057 1777 oum
1080 1718 1113 1775 in

98 1806 232 1881 hospitio
255 1807 294 1865 ad
311 1807 515 1866 Dexamenum
536 1827 637 1885 regem
659 1806 799 1883 uenisset,
821 1806 996 1865 Deianiram
1017 1805 1113 1864 filiam

100 1894 164 1955 eius
182 1896 316 1972 corrupit
333 1898 364 1956 et
380 1896 469 1956 fidem
487 1896 570 1956 dedit
588 1914 618 1955 se
637 1914 705 1956 eam
722 1914 925 1956 uxoremesse
945 1896 1111 1956 ductuum.

99 1988 170 2061 post
182 1985 245 2045 eius
259 1985 418 2045 discessum
432 1986 581 2062 Eurytion
594 1985 706 2045 Ixionis
719 1985 800 2044 filius
811 1983 976 2044 Centaurus
989 2005 1111 2044 uxorem

59 2089 86 2129 ao
99 2074 274 2133 Deianiram
296 2075 392 2151 petiit.
430 2094 520 2151 quam
541 2078 629 2152 pater
650 2075 713 2133 uim
736 2074 844 2134 timens
862 2074 1021 2151 Eurytioni
1043 2094 1111 2151 pro-

98 2163 190 2238 misit,
214 2164 265 2238 qui
288 2165 451 2224 constituto
474 2165 521 2222 die
549 2184 617 2224 oum
645 2163 789 2223 fratribus
814 2164 853 2222 ad
875 2165 995 2241 nuptias
1018 2165 1110 2223 uenit.

99 2271 135 2310 eo
153 2253 230 2310 forte
249 2253 306 2328 die,
329 2272 387 2328 quo
405 2254 528 2328 nuptiae
547 2252 743 2329 eelebrantur,
763 2254 972 2329 superueniens
991 2253 1111 2312 Alcides

100 2339 264 2400 Centauros
295 2342 457 2417 interfecit,
488 2342 720 2418 Deianiramque
750 2341 899 2418 insperate
928 2362 980 2402 suo
1007 2342 1110 2399 matri·

99 2429 200 2488 monio
227 2431 389 2506 oopulauit
437 2429 522 2508 [item
550 2432 652 2490 aliter:
681 2429 835 2507 Centauri,
865 2451 931 2491 oum
954 2432 985 2489 in
1007 2423 1110 2488 matri-

59 2532 87 2572 25
101 2518 236 2577 monium
252 2519 405 2579 Pirithous
422 2520 656 2596 Hippodamiam
679 2520 807 2596 duceret,
829 2520 900 2579 uino
923 2518 1004 2595 pleni
1021 2519 1112 2593 Lapi-

100 2607 222 2666 tharum
243 2627 349 2668 uxores
372 2610 473 2668 conati
495 2612 565 2668 sunt
586 2627 699 2685 rapere.
737 2608 789 2683 qui
812 2627 912 2667 omnes
935 2627 953 2666 a
973 2607 1110 2683 Lapithis

99 2696 191 2755 oooisi
214 2700 291 2756 sunt
336 2699 414 2757 unde
437 2698 582 2776 Virgilius
605 2692 726 2776 (georg.
741 2691 957 2775 11455sqq.>:

171 2961 187 3008 2
207 2957 374 3009 cnrauerant
386 2962 414 3008 Ι
436 2954 651 3010 eomuuioauera
664 2961 702 3008 Pe
715 2957 755 3026 113
774 2950 826 3009 heo
844 2972 895 3010 om.
913 2973 1044 3025 superser.
1060 2961 1087 3008 Ι
1099 2957 1110 3030 11

97 3031 114 3078 6
133 3041 282 3096 uesperam
299 3031 361 3080 th
383 3028 393 3096 11
416 3034 431 3082 7
450 3027 557 3098 Vesper
575 3029 618 3081 est
636 3025 721 3081 stella
739 3044 788 3083 om.
808 3032 829 3079 Ρ
852 3029 856 3096 1
878 3026 1036 3098 ingreditur
1054 3044 1110 3082 nox

97 3101 143 3149 Μ’
165 3099 175 3166 11
197 3102 213 3149 9
231 3095 359 3167 inpressa
376 3100 437 3167 1²⁸ss
452 3104 485 3162 12
502 3117 521 3170 p
541 3115 571 3153 se
589 3102 626 3151 l’b
640 3099 650 3168 11
665 3103 697 3151 13
717 3097 905 3152 oaloauissent
927 3101 1037 3170 261114
1054 3098 1110 3152 fuit

96 3166 246 3222 Perithous
268 3173 289 3220 1.
311 3171 321 3239 11
344 3175 377 3224 16
400 3169 431 3224 in
453 3187 503 3226 om.
522 3175 543 3222 1.
565 3172 575 3239 11
598 3175 631 3223 17
650 3168 837 3223 Dexaminum
859 3175 879 3222 Ι.
916 3169 1063 3224 exeanimir
1082 3174 1109 3221 1

97 3239 258 3293 exanimum
271 3245 309 3292 Pa
332 3241 496 3295 exantinnm
508 3245 545 3293 l’t
568 3242 604 3308 ef.
622 3248 679 3296 not.
699 3244 736 3296 ad
753 3243 836 3313 myth.
854 3242 894 3295 ΙΙ
903 3245 959 3296 162
972 3243 982 3311 11
997 3247 1029 3295 18
1048 3255 1108 3294 eor-

96 3309 205 3380 rumpit
221 3316 242 3363 Ρ
262 3313 266 3379 1
290 3328 405 3366 uxorem
422 3329 483 3367 esse
496 3329 552 3368 om.
570 3317 608 3364 l’b
631 3314 641 3381 11
665 3316 697 3364 19
717 3311 909 3368 sinuosum
934 3315 938 3380 1
963 3313 1109 3366 decessum

96 3387 136 3434 Pa
150 3382 155 3453 1
172 3380 315 3463 esfsuritiirs
333 3389 361 3435 Ι
376 3388 380 3453 1
395 3383 471 3437 Iouis
488 3389 509 3436 1.
525 3387 529 3454 1
545 3399 659 3438 uxorem
682 3401 731 3438 om.
751 3389 790 3436 Pa
809 3386 818 3454 11
839 3389 873 3437 20
891 3381 965 3453 petit
981 3388 1002 3435 1²
1038 3399 1107 3450 corr.

97 3469 132 3508 ex
148 3451 233 3522 petrit
250 3458 277 3505 Π
312 3454 416 3524 petiuit
433 3461 453 3508 Ι.
475 3456 480 3526 1
501 3453 580 3509 ouius
597 3456 680 3525 pater
697 3460 717 3507 Ι.
738 3457 800 3525 1121
821 3471 884 3509 oum
901 3451 1036 3507 fratribus
1056 3495 1062 3508 .
1079 3496 1106 3508 ..

98 3523 144 3579 die
162 3541 213 3579 om.
232 3530 252 3576 P
270 3527 280 3594 11
298 3531 331 3579 22
350 3526 558 3581 eelebrarentur
575 3530 612 3578 Pb
650 3526 827 3580 celebrantur
847 3542 978 3595 superero.
998 3524 1035 3578 ba
1053 3528 1080 3575 Ι
1101 3523 1105 3596 1

98 3594 262 3666 superuenit
269 3601 306 3649 Pb
320 3599 330 3668 11
344 3604 377 3652 23
392 3613 442 3652 suo
455 3596 635 3652 matrimonio
649 3597 792 3667 insperato
801 3601 838 3650 rb
853 3599 862 3666 11
876 3602 909 3650 27
924 3595 1011 3666 unde]
1026 3596 1058 3648 ut
1069 3600 1108 3648 Pa

896 3682 946 3737 18*Ι
