2575 3900
197 200 263 265 496
406 198 694 257 COMMENTARIVS
712 198 753 253 nl
771 197 996 254 ACHILLEIDA.

198 351 357 426 superferri
379 351 485 425 coepit.
508 351 582 408 haec
604 351 701 426 primo
720 348 859 424 Neptuno
884 351 915 406 et
932 348 1038 407 Doridi
1061 349 1121 407 fuit
1141 368 1209 408 oon·

198 442 321 498 secrata.
366 443 485 515 postea,
517 459 584 498 cunr
615 440 690 497 Iuno
722 439 878 515 grauidam
906 438 1042 514 Pythone
1075 438 1210 497 immisso

198 528 346 586 Latonam
377 531 614 604 persequeretur,
645 528 733 586 terris
766 528 901 586 omnibus
931 527 1054 602 expulsa
1086 528 1211 586 tandem

199 617 360 691 aliquando
388 618 557 693 applicante
585 635 615 675 se
643 617 781 676 litoribus
809 636 908 676 sorore
936 618 1073 691 suscepta
1102 619 1153 675 est
1182 620 1211 674 et

198 705 261 764 illic
287 706 417 764 Dianam
443 707 553 783 primo,
580 708 650 780 post
672 706 842 781 Apollinem
872 705 1000 781 peperit,
1028 705 1080 780 qui
1104 706 1211 764 statim
1233 715 1243 755 ⁵

199 795 294 853 occiso
327 796 463 871 Pythone
499 795 580 853 ultus
617 797 663 853 est
699 795 805 853 matris
836 795 985 852 iniuriam.
1027 812 1096 852 sane
1138 798 1212 853 nata

198 883 297 942 Diana
319 885 498 959 parturienti
520 884 692 958 Apollinem
714 884 804 941 matri
827 884 937 942 dicitur
962 882 1137 957 praebuisse
1163 884 1212 942 ob-

199 974 327 1032 stetricis
350 973 487 1032 officium.
529 973 606 1030 unde
629 973 737 1047 Diana,
761 973 897 1048 quamuis
919 972 1006 1049 uirgo
1030 972 1082 1046 sit,
1105 974 1214 1032 tamen

199 1081 217 1120 a
235 1063 469 1137 parturientibus
487 1061 652 1120 inuocatur.
680 1063 753 1120 haec
771 1080 900 1137 namque
919 1064 965 1120 cst
982 1061 1090 1134 Diana,
1114 1061 1214 1136 Luna,

198 1151 384 1226 Proserpina
420 1153 492 1208 nata
515 1151 609 1227 igitur
632 1151 689 1209 duo
713 1151 835 1209 numina
862 1153 973 1208 terram
996 1149 1052 1208 sihi
1075 1150 1215 1208 natalem
1228 1161 1249 1200 1⁰

199 1259 296 1298 errare
324 1259 383 1298 non
406 1258 495 1315 passa
522 1243 604 1313 sunt,
628 1240 769 1298 sedeam
793 1239 906 1299 duabus
933 1239 1038 1297 insulis
1061 1239 1214 1317 religaue-

198 1331 276 1386 runt
313 1329 425 1388 ueritas
448 1347 518 1387 uero
542 1329 630 1404 longe
654 1329 715 1386 alia
738 1331 790 1386 est.
827 1348 897 1386 nam
919 1329 992 1386 haec
1019 1327 1120 1385 insula
1146 1348 1216 1387 cum

199 1421 295 1475 terrae
327 1420 411 1475 motu
442 1418 594 1476 laboraret
615 1451 660 1458 —
691 1417 741 1493 qni
773 1417 808 1476 fit
840 1417 893 1476 sub
925 1417 1012 1475 terris
1044 1416 1215 1476 latentibus

198 1507 297 1564 uentis
317 1539 358 1546 -
378 1507 497 1565 oraculo
516 1506 666 1581 Apollinis
685 1509 782 1564 terrae
800 1509 884 1564 motu
901 1506 1006 1564 caruit.
1035 1523 1104 1562 nam
1126 1525 1215 1581 prae-

199 1596 287 1671 cepit,
305 1615 342 1653 ne
364 1595 427 1654 illic
445 1598 579 1654 mortuus
598 1595 781 1672 sepeliretur,
801 1598 831 1653 et
848 1595 935 1653 iussit
954 1594 1100 1670 quaedam
1120 1596 1215 1654 sacri·
1228 1604 1248 1643 15

199 1684 267 1743 ficia
296 1684 369 1743 fieri.
410 1687 515 1759 postea
547 1703 565 1742 a
596 1685 723 1760 Mycono
753 1683 924 1760 Gyaroque,
955 1683 1061 1742 uicinis
1093 1683 1215 1757 insulis,

199 1773 303 1849 populi
334 1777 493 1849 uenerunt,
526 1774 576 1849 qui
608 1793 675 1832 eam
707 1776 850 1832 tenerent.
891 1772 968 1830 unde
1000 1771 1073 1830 dicit
1104 1775 1216 1846 poeta:

200 1857 301 1938 ‘atque
324 1863 444 1938 hospita
462 1863 553 1921 Delos
576 1857 733 1940 gentibus’.
765 1863 845 1938 quod
868 1864 967 1920 autem
991 1861 1118 1919 diximus
1139 1861 1215 1920 Dia·

199 1971 269 2010 nam
301 1953 396 2028 primo
430 1956 546 2027 natam,
577 1950 704 2011 rationis
736 1955 788 2010 est.
830 1970 899 2010 nam
931 1953 1049 2010 constat
1079 1950 1215 2026 primam

199 2044 316 2100 noctem
339 2042 437 2116 trisse,
462 2041 544 2100 cuius
566 2041 796 2100 instrumentum
820 2043 865 2099 est
887 2041 958 2099 luna
980 2040 1077 2098 idest
1100 2040 1249 2115 Dianas

199 2133 267 2205 post
295 2130 385 2206 diem,
414 2149 501 2205 quem
528 2130 573 2189 sol
601 2130 705 2204 efficit,
734 2130 785 2205 qui
813 2132 859 2188 est
884 2129 1002 2205 Apollo.
1043 2131 1078 2186 ut
1109 2133 1215 2188 autem

199 2219 290 2277 Delos
321 2219 417 2294 primo
446 2217 572 2295 Ortygia
600 2219 759 2293 diceretur,
791 2218 904 2277 factum
932 2220 976 2277 est
1004 2235 1022 2275 a
1050 2220 1214 2291 coturnice,

200 2327 275 2382 quae
295 2306 405 2367 Graece
425 2303 511 2384 ὄρτυξ
535 2310 667 2366 uocatur.
697 2308 806 2366 Delos
826 2310 934 2383 autem,
959 2307 1029 2382 quia
1048 2305 1100 2364 diu
1117 2306 1215 2365 latuit

200 2400 230 2455 et
252 2400 321 2472 post
343 2397 491 2473 apparuit.
524 2415 594 2454 nam
617 2396 709 2473 δῆλον
732 2395 837 2454 Graeci
860 2396 1051 2453 manifestum
1074 2395 1189 2454 dicunt.

41 2496 107 2536 Med·
120 2500 190 2545 n441
269 2488 332 2546 220
365 2503 588 2545 rnavuaumna
620 2486 677 2543 Iris
705 2485 918 2543 Thaumantia'
936 2483 1016 2542 dicta
1048 2486 1211 2542 secundum
1224 2489 1246 2531 ²⁵

200 2577 313 2650 poetas,
332 2574 527 2634 Thaumantis
550 2574 621 2632 tilia.
652 2576 782 2633 ceterum
800 2594 835 2631 en
858 2574 1054 2631 admiratione
1077 2573 1135 2631 hoo
1159 2591 1210 2631 no·

201 2684 267 2721 men
295 2664 417 2739 accepit,
460 2683 534 2739 quae
558 2662 718 2721 admiratio
741 2664 777 2721 de
805 2663 867 2721 eius
895 2662 1042 2721 coloribus
1067 2663 1207 2721 nascitur.

201 2753 271 2811 Iris
290 2752 379 2827 dicta,
398 2754 477 2828 quod
495 2771 648 2828 nunquam
667 2753 705 2810 ad
723 2752 961 2811 conciliationem
979 2751 1113 2809 mittitur
1136 2750 1207 2810 sicut

201 2842 376 2915 Mercmius,
405 2841 456 2900 sed
487 2842 526 2899 ad
558 2841 816 2915 disturbationem,
845 2843 875 2898 et
904 2842 950 2898 est
981 2839 1120 2898 ministra
1152 2857 1205 2897 non

200 2933 318 2991 tantum
341 2931 471 3004 dearum,
494 2931 545 2989 sed
568 2933 598 2989 et
620 2930 749 2989 deorum.
1219 2946 1242 2986 so

269 3022 331 3078 222
356 3038 476 3078 rnmrrs
499 3038 573 3078 uxor
597 3017 720 3093 Oceani,
742 3019 949 3093 Nympharum
972 3018 1075 3075 mater.

269 3112 331 3169 238
356 3127 479 3169 rnonon
502 3109 579 3167 silua
603 3111 648 3167 est
671 3107 841 3167 Thessaliae
869 3107 949 3165 dicta
977 3124 995 3163 a
1017 3105 1112 3164 Pholo
1137 3102 1207 3163 Cen-

201 3203 302 3275 tauro,
326 3200 377 3275 qui
404 3217 470 3257 eam
497 3197 654 3257 incolebat.
698 3197 748 3272 qui
771 3195 882 3254 Pholus
910 3198 1055 3270 tempore,
1084 3213 1142 3269 quo
1170 3190 1207 3249 ab

273 3429 289 3476 2
312 3421 430 3475 inmissa
450 3437 521 3475 corr.
541 3439 576 3475 ex
598 3419 722 3474 inmissit
745 3426 772 3473 hl
798 3423 807 3490 {l
834 3427 851 3474 4
874 3418 1016 3473 littoribus
1039 3423 1059 3470 1.
1086 3419 1096 3487 ΙΙ
1124 3414 1207 3469 lob-

203 3493 329 3546 stetrices
348 3494 427 3561 ΜΙΙθ
446 3490 536 3561 Luna]
554 3492 622 3545 Iuno
641 3496 694 3543 th
711 3494 721 3561 ll
741 3498 772 3545 11
792 3507 892 3560 passae
911 3495 930 3541 1.
948 3492 958 3560 ΙΙ
978 3495 1010 3543 16
1029 3491 1058 3559 (a
1076 3490 1136 3556 om.)
1155 3484 1206 3538 Mi-

206 3576 292 3614 conoo
310 3565 353 3630 1.ss
373 3568 407 3615 20
425 3561 456 3615 id
475 3562 529 3631 est]
548 3563 580 3615 ut
598 3564 640 3631 hl}
655 3568 688 3615 26
707 3561 861 3617 thamantis
879 3566 907 3613 1
920 3564 929 3630 ΙΙ
948 3566 980 3614 31
1000 3579 1093 3615 rnnrrs
1112 3562 1163 3612 tl
