2575 3900
348 193 636 267 comissimus
654 211 695 266 m
712 186 852 266 amavit
869 213 915 268 iv.
1071 213 1136 278 239

0 389 1 414 r
127 362 247 420 uiderat
274 363 310 420 de
339 366 424 440 parte
447 363 589 422 Thebana
611 363 820 440 etArgolicos
849 363 936 444 duces
960 364 1048 422 uultu
1070 384 1137 440 pro-

0 487 1 512 r
75 523 79 531 Ι
127 451 281 510 nuntiasse
308 452 344 512 de
371 453 435 512 fato
462 452 542 511 belli.
580 452 639 520 ,sed
660 451 749 525 uidit·
770 453 839 511 illos
866 452 1034 527 Thebanos,
1064 472 1138 528 quos
1209 517 1211 522 ,

79 568 81 575 ·
128 539 246 615 Tydeus
273 541 406 617 peremit.
458 560 532 621 quos
557 541 607 599 hic
632 541 780 599 minantes
807 540 922 600 ciuibus
949 542 1009 600 suis
1036 543 1139 617 placat

127 629 227 688 dicens
249 629 380 689 fatorum
402 630 494 689 fuisse
515 631 620 708 legem,
642 631 678 687 ut
699 632 747 689 tot
769 630 916 706 caderent
938 649 998 689 non
1016 631 1138 690 uirtutis

101 718 251 776 sahenas.
289 719 358 777 dein
376 719 583 796 superstitibus
602 717 760 793 Thebanis
778 719 830 793 qui
848 718 981 794 Tydeum
999 720 1139 779 uidentur

128 825 191 865 esse
223 809 347 882 passuri.
401 809 457 868 hoc
489 811 589 867 autem
623 807 697 866 mihi
732 807 852 866 uidetur
883 807 990 866 dixisse
1022 808 1137 868 Statius

128 895 270 954 historiae
303 896 408 956 duetus
440 898 587 974 exemplo,
618 900 654 955 ut
686 897 801 968 animas
833 914 885 955 seu
915 915 1017 955 manes
1049 898 1137 957 irasci
1197 889 1199 895 ’
1235 967 1238 973 ,

128 985 240 1051 diceret
266 988 297 1043 et
324 986 482 1045 a'Tiresia
508 986 651 1062 placatas.
697 985 866 1043 Alexander
892 985 985 1062 igitur
1012 1005 1078 1044 cum
1104 987 1136 1045 in

68 1079 71 1084 '
127 1073 232 1156 Asiam
263 1075 432 1133 traduceret
463 1074 637 1148 exercitum,
674 1073 827 1148 conspexit
858 1074 1023 1149 proximam
1044 1075 1137 1134 ‘litori

88 1172 250 1221 1⁰manum
273 1165 456 1222 armatorum
477 1163 568 1221 armis
590 1162 713 1222 Achiuis
736 1163 936 1222 candentibus.
978 1165 1137 1239 propterea

124 1251 231 1310 ⁴bibam
250 1270 354 1311 canere
372 1252 461 1311 iussit
478 1254 509 1310 et
525 1250 637 1310 milites
654 1250 779 1310 nauibus
798 1251 898 1328 egredi
916 1254 1055 1311 armatos.
1086 1253 1137 1311 sed

128 1359 194 1399 oum
217 1340 334 1399 abesset
355 1360 374 1400 a
395 1343 554 1416 conspectu
571 1340 765 1399 Macedonum
784 1359 819 1410 ea
837 1341 948 1417 species
965 1341 1137 1400 umbrarum
1201 1361 1202 1364 ¹

128 1431 197 1487 ante
220 1430 334 1488 cunctis
356 1432 519 1505 perspecta,
540 1431 577 1487 ut
599 1429 704 1507 attigit
722 1426 879 1488 Thraciam
897 1432 1016 1508 terram,
1039 1433 1136 1498 certus

128 1536 147 1575 a
168 1518 275 1578 uicinis
297 1519 404 1596 factus,
427 1519 506 1594 quod
529 1518 673 1576 eiusmodi
690 1517 821 1576 uisiones
838 1518 880 1577 ibi
898 1519 1136 1595 frequentissime

87 1616 114 1656 '1⁵
129 1606 246 1684 fierent,
269 1607 437 1684 suspicatus
459 1603 573 1666 animas
596 1625 659 1666 esse
681 1607 875 1683 Achiuorum,
901 1608 952 1683 qui
975 1609 1136 1668 consociati

127 1696 244 1755 foedere
259 1697 409 1756 'l'hesselis
426 1696 546 1755 merant
563 1696 682 1755 heroico
699 1694 786 1771 bello,
804 1696 925 1756 inferias
938 1697 1020 1772 apud
1038 1699 1135 1756 tumn-
1190 1759 1193 1766 ,

126 1786 171 1843 los
194 1804 297 1844 eorum
318 1785 401 1844 dedit
422 1788 560 1860 precatus
581 1785 722 1843 aduersus
739 1783 897 1844 barbaram
915 1787 1034 1862 gentem
1053 1787 1135 1845 euxi-

126 1873 228 1938 liarios
251 1874 308 1933 sibi
329 1874 394 1933 fieri
417 1874 556 1950 opinatus
583 1874 702 1932 eosdem
729 1876 759 1932 et
784 1873 816 1931 in
844 1875 1009 1933 excessione
1033 1875 1136 1934 classis

125 1964 207 2039 apud
237 1963 310 2023 litus
341 1964 398 2022 sibi
426 1964 515 2023 uisos.
564 1964 668 2039 itaque
694 1964 738 2020 in'
753 1982 788 2021 ea
815 1983 929 2041 pugna,
961 1984 1028 2023 cum
1055 1966 1135 2041 apud

1 2069 3 2074 ’
85 2060 112 2099 ²⁰
127 2050 287 2113 Granicum
320 2053 475 2112 conflixere
512 2052 669 2127 exercitus,
701 2052 812 2111 multas
846 2053 989 2112 eiusmodi
1024 2054 1135 2130 species

26 2171 29 2175 ·
125 2142 157 2201 in
171 2141 285 2223 proelio
298 2144 493 2218 conspectant
510 2144 650 2217 putantes
664 2140 858 2201 Macedonum
877 2143 1046 2202 exercitum·
1081 2162 1135 2203 neo

108 2231 223 2289 minus
239 2230 326 2300 ,alias
353 2232 468 2289 animas
496 2229 668 2308 apparuisse
694 2228 848 2291 barbarico
875 2231 993 2307 habitu,
1021 2252 1056 2291 ex
1083 2233 1134 2291 ad-

196 2512 213 2559 2
231 2506 311 2561 uidet
332 2512 368 2561 ΡΒ
383 2509 423 2577 113
443 2506 558 2576 placeat
578 2509 653 2577 Pi4
671 2506 791 2561 uirtutes
815 2524 885 2563 corr.
899 2525 933 2562 eu
950 2506 1064 2561 uirtutis
1080 2514 1107 2560 1
1124 2508 1134 2581 b

126 2583 142 2631 ὁ
156 2576 249 2632 aliene
262 2595 330 2634 corr.
340 2581 373 2633 ia
386 2577 472 2632 alieni
481 2583 509 2629 1
524 2579 529 2644 Ι
544 2576 610 2631 dein
626 2622 632 2631 .
691 2578 802 2649 passuri
812 2584 895 2637 om?
910 2577 914 2649 Ι
931 2576 1060 2631 uiderent
1073 2593 1133 2633 esse

145 2661 273 2703 assurum
286 2656 306 2703 L
319 2651 329 2719 ΙΙ
342 2655 359 2703 6
372 2648 505 2703 uideatur
517 2654 555 2701 Pa
570 2648 575 2720 Ι
592 2647 715 2703 Statium
728 2649 816 2703 fretus
830 2647 965 2703 historiae
977 2654 998 2701 L
1017 2648 1134 2703 statium
1162 2659 1166 2671 '

54 2720 59 2727 ’
147 2718 242 2775 'storia
260 2720 361 2774 ductus
378 2725 416 2773 ΡΒ
447 2720 544 2773 flectus
562 2719 697 2774 hostiario
717 2720 816 2773 ductus
835 2721 924 2789 rsus
943 2718 1070 2789 placatos
1088 2726 1133 2774 ΒΡ

125 2808 193 2847 corr.
212 2808 246 2846 ee
267 2791 396 2861 placatas
414 2797 441 2843 LL
465 2791 470 2863 Ι
493 2789 525 2843 in
543 2789 605 2845 asia
622 2797 674 2844 11²
700 2792 710 2861 ΙΙ
737 2796 753 2844 9
772 2790 861 2845 littori
879 2796 899 2841 L
921 2791 931 2859 ΙΙ
954 2796 987 2844 10
1006 2806 1121 2845 manum

70 2904 73 2912 .
125 2861 235 2932 copiam
252 2867 290 2915 ΡΒ
312 2863 317 2933 Ι
340 2861 504 2917 cadentibus
522 2867 560 2915 Pa
595 2862 695 2917 cadere
714 2867 752 2915 ΡΒ
774 2865 784 2932 n
807 2867 839 2915 11
867 2860 966 2915 tubam
993 2878 1046 2925 cm„
1066 2868 1104 2915 Pu

125 2938 159 2986 -12
183 2932 283 2987 abesse
300 2939 338 2987 Pa
356 2933 498 2987 abiretL
530 2935 578 2987 ffit
596 2939 623 2985 LL
644 2936 655 3003 ΙΙ
677 2938 710 2986 13
731 2933 1015 3003 aria(=antea)-1’b
1040 2936 1045 3003 Ι
1069 2950 1132 3004 pro-
1232 2968 1233 2971 =

126 3006 222 3073 specta
235 3009 272 3057 ΡΒ
299 3004 425 3075 perfecta
437 3022 505 3070 corr.
524 3006 557 3060 ic
573 3006 721 3075 perspecta
739 3011 767 3059 Ι
786 3006 790 3073 Ι
811 3006 843 3058 ut
860 3005 911 3059 dcl.
930 3008 957 3057 1
983 3007 1133 3075 postquam

124 3080 144 3127 L
160 3075 165 3146 Ι
180 3092 199 3129 a
217 3077 278 3144 (orn.
297 3074 387 3145 ttigIt)
406 3075 497 3130 tracia
514 3082 552 3130 Pa
567 3078 572 3146 Ι
587 3075 690 3131 certior
706 3082 727 3129 L
744 3079 754 3149 ΙΙ
775 3080 808 3130 14
825 3074 986 3130 huiusmodi
1004 3081 1041 3129 ΡΒ
1058 3080 1063 3146 Ι
1079 3076 1133 3131 sibi

124 3151 171 3198 Ln
183 3148 194 3215 ss
208 3150 241 3199 15
260 3146 396 3217 suspicati
413 3152 465 3199 ΠΡ
477 3149 488 3217 ΙΙ
502 3153 535 3201 16
553 3146 667 3201 morunt
688 3152 726 3200 ΡΒ
742 3150 747 3217 Ι
762 3146 874 3202 heroico
897 3149 995 3216 scripsi
1013 3146 1132 3202 Hernico

124 3222 144 3269 L
162 3216 276 3271 hernioo
289 3222 341 3270 ΙΡ
354 3220 364 3288 ΙΙ
378 3222 410 3270 17
426 3220 532 3290 eorum]
545 3217 717 3275 Achiuorum
731 3224 751 3272 L
770 3221 896 3273 aetorum
909 3224 947 3271 Pa
963 3221 967 3288 Ι
984 3217 1132 3273 auxiliario

124 3293 145 3340 Ρ
166 3290 176 3358 ΙΙ
200 3292 233 3341 18
256 3287 298 3343 ibi
320 3295 347 3341 LL
371 3292 376 3356 Ι
399 3289 460 3343 fieri
479 3333 485 3343 .
502 3333 507 3343 .
524 3332 530 3343 .
550 3289 605 3344 sibi
627 3308 677 3345 orn.
697 3292 733 3343 ΡΒ
759 3294 763 3360 Ι
788 3290 928 3360 opinatus
943 3290 1019 3357 quod
1037 3294 1106 3342 Ha
1123 3288 1134 3363 tl

113 3364 159 3413 ,19
177 3376 243 3414 usos
261 3365 299 3413 Pa
330 3376 426 3415 uersos
443 3365 480 3413 ΡΒ
497 3363 501 3430 Ι
517 3360 599 3429 Isque
616 3368 637 3414 L
672 3360 757 3429 idque
775 3367 813 3414 Pa
844 3361 967 3429 itemque
991 3360 1107 3414 Vollmer
1123 3364 1133 3431 Η

125 3435 161 3483 20
174 3430 369 3500 confligeretL
387 3431 535 3513 confligere
544 3438 569 3485 Ῥ
585 3435 589 3501 Ι
605 3432 730 3487 ciusdem
742 3437 795 3485 ΠΡ
812 3432 947 3487 ibidemL
965 3448 1004 3487 oo
1016 3431 1133 3485 scribere·

124 3502 191 3556 dem
205 3508 244 3557 eat
261 3501 387 3557 eiusdem
404 3503 500 3557 modi?
512 3505 523 3573 ΙΙ
537 3509 570 3557 21
589 3502 620 3557 in
633 3502 743 3573 praelia
756 3508 817 3556 ΒΡΒ
836 3502 965 3573 imprelia
978 3507 1016 3554 Pa
1042 3500 1132 3571 prelia

126 3578 153 3624 LL
169 3575 173 3641 1
190 3574 372 3642 conspectant
388 3575 491 3629 conieci
508 3577 691 3644 conspectans
710 3580 787 3628 m
802 3577 806 3644 Ι
822 3576 924 3645 putans
942 3579 962 3626 L
980 3574 1079 3628 Baecb.
1275 3544 1277 3549 Ι
