2575 3900
163 205 230 270 206
392 201 680 258 COMMENTARIVS
698 201 738 256 IN
755 202 895 257 LIBRVM
911 203 958 258 IV.

163 355 241 433 gine,
274 354 354 430 qnod
385 372 416 412 se
442 352 578 429 Apollini
608 353 814 429 praetulisset,
846 353 959 413 oooisus
991 355 1044 412 est.
1091 353 1176 412 euius

163 444 284 521 sanguis
316 443 348 501 in
380 443 484 501 florem
512 442 640 500 nominis
672 442 718 501 sui
745 461 848 502 uersus
875 445 921 501 est
948 441 986 500 ob
1013 443 1174 502 memoriae

162 535 337 609 perpetuam
369 532 554 609 dignitatem.
599 534 635 590 nt
666 529 812 608 Virgilius
843 526 916 609 <eol
944 531 991 590 ΙΠ
1022 526 1176 610 106sq.>:

163 616 311 696 ‘inseripti
333 621 455 680 nomina
476 639 580 697 regum
602 623 765 679 naseuntur
786 615 893 680 flores'.

231 713 296 769 224
323 727 429 768 manna
456 709 580 785 Maleae,
609 728 685 784 quae
708 713 832 785 propter
858 709 1023 786 perieulum
1051 709 1177 768 anani·
1207 723 1224 763 a

163 798 304 877 gantibus
345 799 571 858 circumeuntur.
633 801 670 856 ut
705 799 851 876 Virgilius
887 794 981 877 <Aen
1014 798 1042 853 V
1076 793 1176 877 193>2

163 883 348 964 ‘Maleaeque
385 886 559 963 sequacibus
594 881 702 946 undis'.
757 888 884 947 historia
920 891 1022 946 autem
1052 887 1088 945 de
1119 887 1177 946 hoo

163 980 264 1037 monte
286 978 382 1036 fertur
398 977 580 1036 huiusmodi:
603 976 719 1035 Maleus
737 977 899 1036 Tusoorum
917 997 977 1052 rex,
1001 977 1053 1052 qui
1071 975 1176 1034 tubam

163 1068 276 1143 primus
308 1067 431 1125 inuenit
484 1067 511 1125 is
543 1085 610 1125 oum
645 1064 804 1142 piraticam
840 1068 989 1125 exerceret
1027 1067 1058 1124 et
1093 1083 1174 1124 mare

163 1155 391 1233 tempestatibus
418 1157 496 1214 esset
520 1155 675 1232 infestum,
708 1155 786 1214 huno
812 1157 945 1214 montem
973 1154 1095 1229 insedit,
1123 1155 1176 1230 qui
1191 1169 1220 1210 ro

164 1248 194 1304 et
224 1246 396 1321 Apollinem
427 1243 618 1303 Maleotioum
649 1244 684 1302 de
717 1262 770 1304 suo
802 1244 948 1304 uocabulo
981 1245 1012 1302 et
1042 1246 1175 1302 montem

162 1335 261 1411 ipsum
296 1334 426 1392 Maleam
460 1333 636 1391 nominauit
696 1333 749 1392 alii
786 1333 890 1392 dieunt
923 1334 1002 1392 huno
1043 1335 1175 1392 montem

163 1423 294 1482 Achaiae
328 1441 399 1481 esse.
453 1421 526 1480 bene
559 1421 675 1480 Statius
710 1423 783 1481 haee
820 1423 893 1482 dioit
929 1421 1041 1480 auxilia
1072 1423 1175 1480 uatem

117 1553 124 1562 =
162 1511 318 1586 habuisse,
360 1510 431 1586 quia
466 1511 499 1568 hi
534 1510 638 1587 populi
675 1510 763 1569 deum
799 1514 980 1570 uenerantur
1015 1509 1174 1587 praecipue

163 1600 341 1676 Apollinem.
1187 1612 1214 1653 15

230 1690 294 1749 225
319 1706 441 1747 unuln
465 1687 578 1765 Caryae
601 1689 747 1765 templum
770 1691 816 1747 est
837 1689 869 1747 in
891 1688 1040 1748 Laoonioa
1057 1688 1173 1747 Dianae

163 1797 288 1855 sacrum,
321 1778 400 1854 quod
431 1778 522 1836 etiam
551 1776 725 1853 Caryatium
756 1779 944 1836 nominatum
975 1781 1022 1836 est
1052 1797 1087 1836 ex
1118 1778 1175 1836 hao

163 1887 265 1928 eausa:
297 1887 364 1926 oum
395 1867 532 1926 luderent
562 1867 703 1944 uirgines,
735 1867 897 1926 meditatus
928 1867 1046 1926 ruinam
1079 1867 1174 1926 omnis

163 1959 269 2018 ohorus
290 1958 323 2016 in
345 1958 480 2017 arborem
502 1957 586 2016 nuois
607 1957 690 2034 fugit
711 1959 742 2015 et
767 1956 799 2016 in
821 1976 905 2017 ramo
933 1957 996 2016 eius
1023 1956 1173 2034 pependit.

163 2064 253 2122 quam
279 2066 384 2105 nuoem
411 2045 517 2106 Graeci
543 2045 659 2125 καρύαν
685 2049 804 2105 nocant
850 2065 920 2124 ergo
948 2047 984 2105 de
1014 2046 1118 2105 arbore
1142 2048 1173 2104 et
1186 2058 1214 2099 ao

163 2135 308 2217 templum
330 2138 361 2193 et
383 2127 452 2194 deal
461 2155 568 2195 nomen
591 2135 714 2212 aooepit

230 2225 293 2282 226
316 2242 545 2290 vonvonvuuvn
567 2242 685 2284 rannus
707 2226 738 2283 et
754 2224 833 2283 huno
850 2242 969 2282 uersum
988 2224 1023 2282 de
1041 2224 1171 2283 Homero

162 2312 326 2371 transtulit.
370 2314 558 2373 uolnerum
586 2333 657 2391 ergo
684 2332 814 2389 parens
847 2312 1063 2388 columbarum,
1094 2312 1172 2371 unde

234 2580 248 2627 1
269 2571 318 2641 qui
341 2587 371 2625 se
394 2587 462 2626 corr.
480 2573 514 2625 io
531 2570 580 2639 qui
603 2588 668 2625 oum
692 2587 721 2625 re
739 2575 766 2622 11
788 2572 798 2640 ΙΙ
819 2578 835 2625 2
854 2576 954 2625 euerrfi
973 2573 1016 2625 est
1033 2576 1070 2623 Pa
1107 2586 1172 2625 oon-

161 2661 258 2699 nersus
282 2645 325 2699 est
339 2649 403 2714 post
421 2641 590 2711 dignitatem
603 2644 699 2712 praet.
717 2647 738 2694 L
755 2646 759 2705 Ι
775 2642 810 2696 de
830 2686 834 2697 .
852 2686 857 2697 .
876 2644 1013 2712 perpetua
1031 2641 1171 2713 dignitate

161 2721 199 2770 Pa
211 2718 251 2786 ΙΙ3
269 2717 302 2770 ut
320 2732 370 2771 om.
384 2719 430 2766 111²
443 2716 452 2783 ΙΙ
466 2720 483 2767 4
495 2714 650 2767 naseuntur
668 2714 767 2785 Vergil.
782 2715 791 2783 ΙΙ
806 2719 821 2767 5
839 2714 919 2769 sebol.
934 2716 990 2767 225
1008 2720 1072 2774 oute
1089 2714 1171 2769 soleol.

160 2791 216 2842 224
230 2789 325 2857 praet.
344 2791 407 2840 Ha
422 2786 427 2857 Ι
442 2784 534 2839 Maleo
550 2790 604 2837 11>
619 2786 624 2854 Ι
639 2784 733 2839 malea
753 2789 821 2837 Ml’b
843 2786 854 2855 ΙΙ
876 2790 892 2838 6
911 2783 1089 2839 circueuntur
1110 2789 1148 2837 Pb
1162 2784 1173 2857 ΙΙ

163 2863 179 2909 7
197 2857 379 2926 aequantibus
397 2857 472 2911 unde
489 2862 527 2909 Pa
540 2858 550 2927 ΙΙ
563 2862 579 2910 8
597 2854 720 2910 maletus
733 2861 753 2908 1²
769 2857 773 2925 Ι
789 2854 1006 2910 TusoulorumI.
1032 2854 1173 2910 teaoulum

161 2945 230 2983 corr.
249 2932 282 2983 iu
298 2929 439 2983 tusculum
457 2933 485 2982 1
500 2930 505 2997 Ι
520 2944 568 2982 rex
586 2945 637 2983 om.
655 2932 692 2980 Pb
706 2929 716 2996 ΙΙ
735 2933 751 2980 9
789 2926 875 2980 rimus
893 2927 991 2981 tubam
1008 2932 1028 2979 1.
1045 2929 1049 2996 Ι
1064 2926 1172 2996 primus

162 2998 273 3053 inuenit
293 3000 393 3054 tubam
414 3005 451 3052 Pb
477 3003 481 3068 Ι
505 2998 627 3070 piratici}
649 3003 688 3051 Pa
712 3004 715 3065 Ι
741 2944 788 3068 etl)
804 2999 836 3051 ut
858 3004 879 3050 1²
914 3016 982 3054 corr.
1006 3000 1038 3053 iu
1061 3003 1095 3053 ou
1113 2996 1174 3071 ΠΙ

163 3075 196 3124 13
214 3068 286 3124 bene
304 3087 354 3126 om.
372 3076 410 3124 rb
430 3074 434 3139 Ι
454 3070 508 3124 hoo
527 3069 599 3123 dixit
616 3074 654 3123 rb
676 3070 686 3139 ΙΙ
709 3072 743 3122 14
761 3068 911 3139 praecipue
928 3068 1018 3123 Deum
1036 3086 1172 3124 ueneran-

161 3144 208 3196 tur
220 3145 241 3194 1.
267 3142 352 3196 deum
363 3140 515 3211 praecipue
527 3142 698 3195 uenerantur
710 3144 731 3191 1²
744 3140 753 3209 ΙΙ
769 3144 801 3193 16
817 3138 924 3209 Caryae
934 3147 999 3209 post
1011 3139 1173 3210 Apollinem

157 3215 304 3285 praedm.
320 3217 324 3281 Ι
340 3212 418 3268 caria
435 3216 472 3264 Pb
505 3212 591 3266 eariei
608 3218 646 3264 Pa
662 3211 666 3280 Ι
682 3211 726 3265 est
743 3215 827 3265 ορατ.
859 3213 889 3265 et
905 3217 944 3264 Pa
958 3212 964 3283 Ι
978 3210 1091 3265 laoonia
1108 3217 1172 3265 m

160 3284 267 3341 lioonia
285 3285 362 3339 Mon.
384 3286 393 3353 ΙΙ
415 3288 448 3337 17
467 3281 553 3337 etiam
571 3302 621 3340 om.
640 3287 677 3335 Pb
698 3284 703 3351 Ι
723 3279 886 3350 Caryatium
904 3284 993 3354 Mytb.
1013 3281 1173 3337 Carratium

160 3363 213 3412 n!
230 3357 402 3411 oaractuml’
417 3358 422 3424 Ι
437 3354 614 3409 nominatum
622 3372 672 3410 om.
683 3358 703 3405 1²
716 3354 726 3424 ΙΙ
741 3358 773 3407 18
783 3351 934 3409 laudarent
942 3359 980 3407 Pa
993 3356 1002 3424 ΙΙ
1016 3358 1050 3407 20
1059 3354 1172 3423 καρύαν

160 3431 259 3498 seripsi
282 3444 378 3481 earam
399 3432 419 3479 1.
456 3442 565 3480 carram
587 3431 656 3479 Ira
693 3426 789 3480 earam
812 3430 849 3478 Pb
872 3427 881 3496 ΙΙ
904 3431 936 3478 21
961 3424 1069 3495 templu
1093 3426 1171 3480 Moe.

160 3499 266 3570 templo
284 3504 361 3553 ΠΡ
381 3502 385 3566 Ι
406 3499 435 3552 et
457 3497 492 3551 de
516 3496 606 3551 deal.
642 3498 673 3551 et
695 3497 730 3552 de
753 3512 787 3551 ea
805 3502 843 3550 Pa
864 3498 874 3567 ΙΙ
897 3502 930 3551 22
949 3497 1173 3552 RieuBoaa:

162 3573 251 3640 Φᾶρίν
269 3590 298 3625 re
316 3570 452 3642 Σπάρτην
470 3587 500 3623 τε
517 3566 718 3637 πολυτρήρωνά
735 3587 765 3624 τε
783 3566 901 3638 Μέσσην
