2575 3900
193 178 260 242 490
407 176 695 233 COMMENTARIVS
715 176 755 231 IN
773 175 999 232 AGHILLEIDA.

193 328 380 387 custodiebat
406 328 550 387 informis.
588 327 627 386 ad
654 327 734 403 quod
761 327 953 386 auferendum
979 327 1070 386 Iason
1098 327 1204 385 missus

193 436 212 474 a
235 416 361 475 Creonte
385 419 437 476 est
474 416 525 493 qui
545 435 612 476 eum
635 417 674 475 ad
686 418 820 492 Aeetam,
845 417 924 475 Solis
951 416 1054 490 filium,
1080 415 1202 476 Ooleho-

192 525 259 563 rum
272 525 381 583 regem,
399 506 530 564 uenisset
547 539 590 547 —
610 506 657 565 oui
675 524 849 581 responsum
866 506 965 563 fuerat
983 505 1100 563 tamdiu
1119 505 1202 563 illum

192 595 224 651 in
251 614 343 671 regno
370 614 489 653 manere
517 614 615 670 posse,
640 595 783 670 quamdiu
804 595 836 652 in
859 594 964 652 Martis
991 594 1105 669 templo
1130 594 1201 652 illud

32 698 98 738 uino.
111 683 288 747 „maenus
321 703 442 742 aureum
463 679 467 763 1
488 684 593 742 durare
625 684 773 758 potuisset
803 715 840 724 -
870 685 1051 758 potestatem
1083 683 1230 742 uelleriso

193 772 345 831 auferendi
376 773 421 831 ita
447 773 548 831 Iasoni
579 773 727 848 permisit,
754 774 790 830 ut
817 774 919 831 tauros
951 772 1051 849 ignem
1081 772 1200 830 naribus

193 861 327 920 efflantes
355 865 455 920 aratro
478 862 616 939 iungeret
638 864 669 919 et
696 861 832 920 draconis
855 862 958 920 dentes
981 863 1099 920 sereret.
1125 880 1200 920 eum·

193 971 249 1026 que
276 951 411 1026 Medeae,
438 951 517 1027 regis
545 951 676 1009 eiusdem
705 950 797 1025 filiae,
831 969 931 1008 amore
965 953 1054 1026 atque
1088 950 1199 1008 artibus

183 1040 280 1122 ,Iason
312 1043 416 1099 cautus
449 1043 538 1113 esset,
566 1040 705 1099 uniuersa
733 1039 894 1114 compleuit
921 1040 952 1097 et
983 1039 1050 1097 dum
1086 1042 1200 1096 armata

192 1147 297 1188 manus
329 1149 364 1186 ex
396 1129 468 1204 ipsis
501 1129 589 1188 sulois
622 1129 775 1206 euenisset,
807 1128 928 1186 Medeae
961 1128 992 1185 in
1025 1146 1054 1186 se
1088 1129 1199 1186 artibus
1213 1146 1238 1184 io

193 1218 342 1276 oonoitata
372 1218 484 1276 mutuis
512 1220 558 1276 est
584 1218 764 1293 interempta
796 1217 975 1275 uulneribus.
1018 1219 1083 1274 tum
1114 1221 1199 1292 rapto

192 1307 301 1365 uellere
329 1307 408 1383 fugit
435 1306 530 1365 Iason.
573 1307 759 1384 Pagasaea
781 1306 863 1384 Argo
888 1325 905 1363 a
934 1307 1000 1364 loeo
1029 1305 1123 1380 diota,
1151 1306 1200 1364 ubi

191 1396 273 1453 faeta
296 1398 348 1452 est
372 1395 506 1472 Pegasus
529 1396 635 1454 ciuitas
660 1395 839 1455 Thessaliae.
875 1395 1012 1454 Lucanus
1032 1392 1084 1472 (Π
1105 1394 1200 1471 715>:

192 1478 238 1543 ‘ut
261 1484 415 1560 Pagasaea
437 1479 531 1542 ratis’.

260 1575 277 1630 7
282 1574 300 1631 8
326 1590 494 1632 eluamus
518 1573 648 1631 marinis.
739 1591 861 1633 uacuos
884 1573 1048 1649 Neptunus
1215 1589 1243 1628 15

261 1665 299 1720 79
324 1680 448 1720 uriom
470 1663 649 1721 consolatur.

260 1751 300 1808 84
326 1768 416 1810 aiouo
440 1751 577 1812 Troiano.

259 1841 300 1899 88
329 1857 493 1899 uuououuo
525 1858 682 1899 ruuoavm
714 1857 857 1898 rouuauu
891 1856 1008 1898 ovuavs
1046 1840 1118 1915 quia
1155 1861 1205 1898 ex·
1278 1823 1280 1896 l

191 1927 300 1988 stiueto
321 1928 450 1988 Hectore
473 1929 614 2007 religauit
637 1929 676 1987 ad
699 1947 816 1987 ourrum
840 1947 925 1987 suum
943 1928 1075 1988 thilles
1095 1948 1205 2005 eorpus
1279 1925 1280 1965 ἶ

190 2018 254 2076 eius
278 2021 308 2075 et
330 2020 424 2078 traxit
445 2019 523 2077 oiroa
545 2037 645 2078 muros
670 2019 784 2077 Troiae.
1220 2038 1244 2075 ao

259 2108 300 2166 89
334 2124 435 2165 oraim
457 2126 563 2165 mama
590 2125 692 2167 uvaos
724 2108 780 2166 hoo
813 2107 932 2182 quidem
963 2107 1053 2165 habet
1085 2108 1205 2168 fabula:

191 2196 348 2269 Neptunus
380 2216 447 2254 oum
477 2197 617 2272 Apolline
651 2196 757 2255 Troiae
793 2196 1015 2255 fabiioaueumt
1050 2216 1153 2267 muros
1187 2218 1207 2257 a

190 2284 393 2343 Laomedonte
411 2286 518 2362 rogati.
548 2286 599 2345 sed
617 2288 736 2344 constat
753 2285 986 2343 Laomedontem
1005 2303 1095 2361 supra
1114 2286 1206 2346 dietis
1279 2280 1280 2321 ³

191 2373 249 2431 diis
276 2376 388 2432 oertam
414 2375 532 2433 uouisse
559 2375 715 2450 pecuniam
744 2375 782 2432 ad
810 2393 893 2433 saera
924 2373 1068 2432 faoieuda.
1112 2394 1206 2450 quam
1279 2398 1280 2401 ¹

191 2465 260 2536 post
278 2463 428 2521 conditam
448 2464 568 2522 Troiam
587 2464 657 2521 dare
680 2464 784 2523 noluit.
818 2482 888 2539 ergo
908 2463 1081 2520 damnatum
1104 2466 1206 2523 osten·
1218 2478 1242 2518 2⁵

190 2552 249 2626 dit,
277 2571 343 2610 oum
372 2551 445 2611 dioit
475 2572 575 2612 muros
603 2553 747 2612 Troianos
780 2570 887 2627 opera
916 2551 1025 2609 irrita
1057 2570 1129 2609 esse.
1174 2556 1207 2611 et

191 2639 336 2717 Virgilius
367 2641 399 2700 in
431 2642 581 2700 euersione
615 2642 720 2700 Troiae
751 2636 845 2717 <Aea
865 2640 895 2697 H
920 2642 983 2699 610
998 2636 1076 2719 sq.>:
1110 2636 1205 2717 ‘Nep-

190 2731 280 2788 tunus
304 2748 404 2788 muros
422 2750 589 2808 magnoque
608 2734 707 2789 emota
726 2730 849 2788 tridenti
867 2730 1061 2787 fundamenta
1080 2726 1203 2805 quatit'.

260 2822 298 2878 91
334 2836 518 2879 cuumuuuis
550 2836 716 2878 paramese
746 2837 811 2878 iov1
842 2837 909 2876 oum
941 2818 1077 2893 Iuppiter
1108 2820 1206 2878 uellet

191 2907 348 2966 Thetidem
367 2908 480 2985 ducere,
502 2910 568 2967 fata
590 2908 805 2984 prohibuerunt
828 2926 871 2982 oo,
895 2907 974 2982 quod
992 2907 1099 2984 proles
1124 2920 1239 2983 quaeso

264 3139 276 3184 1
298 3135 328 3184 at
346 3137 373 3183 Ι
390 3134 400 3202 11
421 3138 436 3185 2
455 3133 573 3186 Aeetam
591 3138 611 3184 L
637 3130 706 3184 &em
724 3135 751 3181 Π
764 3131 773 3199 11
793 3136 808 3183 6
826 3129 906 3183 iason
925 3128 1033 3183 inmisit
1050 3135 1077 3181 Ι
1094 3132 1103 3200 11
1124 3136 1140 3184 8
1160 3134 1202 3184 at·

190 3255 245 3307 que
264 3243 291 3289 Ι
318 3237 438 3306 aliisque
456 3244 476 3290 L
494 3241 503 3307 11
528 3245 560 3292 12
579 3238 705 3308 Pegasea
723 3242 774 3289 LLL
790 3237 794 3309 1
810 3253 876 3307 ergo
895 3242 915 3288 L
933 3214 952 3305 ἕ
970 3239 1015 3304 (=
1034 3239 1113 3305 ergo)
1134 3253 1201 3307 argo

190 3313 252 3378 (om.
273 3313 300 3378 a)
319 3315 346 3361 m
364 3312 374 3379 11
397 3315 430 3363 13
448 3309 573 3380 Pegasus
592 3316 611 3362 L
638 3324 777 3379 pegaseus
795 3314 822 3360 m
839 3312 842 3377 1
858 3306 1010 3379 thessaliae
1028 3313 1056 3360 1
1068 3310 1078 3377 11
1100 3314 1136 3362 14
1154 3324 1200 3377 ps·

190 3396 278 3449 gasea
296 3386 347 3433 LLL
376 3384 385 3450 11
414 3387 625 3434 l8rm1>muL
651 3382 655 3451 1
680 3380 793 3449 quando
812 3386 832 3432 L
854 3382 863 3449 11
886 3384 918 3432 21
944 3378 997 3432 hoo
1016 3378 1131 3447 quidem

193 3468 351 3535 ‘Neptunus
369 3487 463 3523 muros
482 3487 532 3523 om.
551 3475 571 3522 L
591 3479 600 3528 1
620 3476 655 3523 25
675 3471 722 3523 dm
740 3471 809 3523 natu
828 3474 855 3520 Ι
868 3470 877 3539 11
898 3474 931 3521 26
951 3484 1011 3521 esse
1030 3468 1070 3538 et]
1089 3450 1130 3521 adr
1148 3472 1175 3521 Π
1191 3465 1201 3536 11

192 3542 226 3588 aa
244 3538 351 3592 sumta
369 3545 396 3594 ir
416 3543 425 3609 1
448 3546 482 3593 ao
500 3539 639 3594 Thetiden
657 3546 709 3594 air
