2575 3900
159 167 224 222 Vm
554 167 770 223 PRAEFATIO.

160 319 311 377 Lactantii
342 317 374 375 in
402 317 554 376 Thebaida
582 320 613 376 et
638 318 808 378 Achilleida
845 318 1081 377 commentarius
1128 316 1173 376 Ex

160 407 348 466 Bibliotheca
370 407 418 465 Fr.
442 406 567 466 Pithoei.
591 407 619 464 J.
645 405 676 465 0.
710 406 835 466 Oollatis
857 406 942 483 MSS,
964 407 1172 483 ueteribusque

161 496 390 572 exemplaribus,
412 496 573 571 recensuit3
600 497 712 571 partim
735 516 813 556 nnnc
839 497 969 572 primurn
996 496 1102 572 edidit,
1124 496 1172 554 Fr.

161 585 334 662 Tiliobroga
358 629 435 644 .....
463 585 599 661 ParisiiS,
628 585 674 643 Ex
702 585 821 645 officina
848 586 1055 662 Plantiniana,
1082 585 1172 662 Apud

159 675 347 732 Hadrianum
374 673 488 749 Perier,
516 674 567 732 uia
595 675 754 733 Jacobaea.
782 670 904 733 M.D.(l.'
945 675 980 733 de
1014 675 1171 752 codicibnS,

161 763 267 838 quibus
285 781 356 822 usus
375 763 423 838 sit,
447 762 621 840 Tiliobroga
638 764 670 821 in
689 764 874 839 praefatione
898 765 962 839 ipse
980 764 1054 823 haec
1072 765 1172 822 affert:

161 847 364 911 ‘Lactantium
396 873 432 910 ex
463 852 511 913 Fr.
539 853 659 911 Pithoei
690 852 713 910 I.
743 851 774 911 G.
810 853 992 912 bibliotheca
1028 853 1171 912 collatum

159 941 264 1016 habui,
287 941 318 998 in
343 941 519 1016 quibusdam
547 942 667 1000 adiutus
696 960 761 1000 surn
789 943 951 1018 exemplari
978 941 1039 1000 MS.
1063 943 1171 1020 Regio,

161 1031 212 1089 sed
235 1031 315 1106 quod
337 1031 512 1108 integritate
532 1031 656 1089 cedebat
673 1026 840 1091 Pitheano'.
872 1031 924 1107 qui
942 1031 1055 1090 fuerint
1072 1033 1104 1090 hi
1123 1051 1171 1091 co-

160 1119 247 1195 dices,
271 1139 324 1196 pro
349 1122 429 1179 certo
452 1119 548 1178 dicere
572 1138 632 1178 non
655 1121 758 1196 audeo,
782 1121 833 1178 sed
852 1138 902 1179 eos
921 1139 988 1179 curn
1006 1124 1054 1180 Pa
1072 1123 1103 1179 et
1120 1125 1171 1181 Pb

160 1208 309 1268 codicibus
337 1227 452 1268 summa
480 1209 653 1268 coniunctos
681 1227 743 1268 esse
767 1209 914 1268 affinitate
938 1211 1091 1285 concedet,
1119 1212 1171 1287 qni

158 1299 259 1357 uarias
282 1298 424 1357 lectiones
446 1297 655 1372 percensuerit

224 1387 341 1446 Horum
358 1386 487 1446 fontium
506 1386 698 1462 purissimum
716 1405 778 1447 esse
791 1392 828 1446 Μ
845 1388 975 1447 codicem
993 1392 1058 1446 tarn
1076 1389 1170 1447 mani-

158 1476 268 1534 festum
282 1477 335 1551 est,
349 1478 384 1534 nt
398 1476 600 1535 demonstrare
619 1476 833 1552 supersedeam.
861 1477 940 1536 hunc
954 1480 1063 1553 autern,
1082 1497 1171 1553 quem

158 1564 347 1640 potissimum
374 1565 491 1623 secutus
519 1583 597 1640 sum,
620 1584 680 1623 non
708 1565 804 1624 solum
827 1585 846 1624 a
868 1566 1003 1643 meipso
1026 1567 1170 1626 collatum

158 1653 316 1731 habebam,
350 1653 401 1712 sed
433 1653 525 1712 ctiam
556 1653 594 1712 ab
622 1653 779 1712 Edmundo
811 1655 915 1713 Kelter
940 1655 1169 1734 Hamburgensi,

160 1743 211 1817 qui
239 1742 361 1802 schedas
389 1761 457 1802 suas
479 1742 606 1820 benigne
629 1743 704 1801 mihi
726 1743 900 1802 tradiderat.
940 1746 1096 1819 praeterea
1118 1746 1168 1804 Ri-

159 1832 263 1891 cardus
282 1831 370 1890 Klotz
389 1831 613 1906 Treptcuiensis
632 1833 795 1908 apparatus
820 1832 916 1890 critici
939 1833 1080 1892 lectiones
1101 1853 1168 1892 cum

158 1921 289 1980 eiusdem
315 1920 386 1979 libri
412 1920 585 1997 collatione,
614 1939 705 1997 quarn
731 1920 804 1980 olim
836 1921 1016 1999 confecerat,
1048 1941 1168 1983 accura-

157 2010 270 2069 tissime
294 2010 488 2087 comparauit.

224 2100 286 2158 Nec
309 2102 423 2175 tamen,
447 2117 628 2174 quamquam
651 2098 743 2157 libros
767 2117 841 2175 quos
864 2100 926 2158 dixi
947 2102 1093 2178 imprimis
1117 2103 1168 2161 ad-

157 2186 300 2247 hibendos
332 2206 394 2247 esse
425 2187 582 2264 putabam,
615 2187 691 2246 alios
719 2189 829 2265 fontes,
860 2190 911 2265 qui
944 2191 1063 2265 quidem
1094 2192 1168 2250 mihi

159 2277 395 2353 suppeditarent,
428 2277 545 2353 neglexi
577 2277 662 2335 uelut
689 2278 820 2337 codicem
846 2278 1053 2338 Monaoensem
1081 2282 1165 2341 6396

159 2358 208 2445 (de
237 2385 295 2441 quo
323 2366 400 2426 conf.
422 2366 530 2425 Philol.
554 2365 612 2425 nol.
636 2366 735 2423 XXIV
757 2387 786 2443 p.
807 2360 899 2449 156),
926 2368 1057 2428 codicem
1078 2369 1168 2428 Bam·

157 2454 329 2533 bergensem
348 2455 379 2513 M
401 2454 444 2511 IV
469 2457 508 2513 11
534 2446 585 2535 (cf.
610 2455 735 2514 eundem
758 2449 880 2538 locum),
903 2457 1034 2517 codicem
1057 2456 1168 2517 Gudia-

157 2564 228 2601 num
253 2545 303 2619 54,
327 2562 452 2620 quorum
475 2543 617 2603 lectiones
637 2544 717 2602 idem
736 2545 910 2605 Ildmundus
927 2546 1030 2605 Kelter
1052 2566 1168 2606 mecum
1268 2572 1283 2602 ι.

157 2634 435 2693 communicauerat.
464 2652 499 2691 ex
523 2633 629 2709 quibus
651 2633 736 2692 libris
759 2635 850 2693 codex
872 2635 1057 2695 Monacensis
1081 2638 1167 2697 6396

157 2722 260 2780 eadem
292 2724 352 2781 fere
384 2722 519 2798 praebet,
553 2741 628 2798 qnae
661 2721 847 2783 Monacensis
878 2726 994 2785 19482.
1036 2726 1168 2785 codicem

158 2809 350 2869 Oasselanum
372 2812 457 2871 Mscr.
481 2813 559 2888 poet.
583 2811 635 2871 fol.
656 2812 689 2885 8,
712 2811 744 2869 in
768 2831 826 2887 qno
850 2813 963 2873 scholia
985 2814 1127 2892 leguntur
1149 2834 1168 2873 a

157 2899 172 2957 I
196 2900 259 2960 688
282 2919 376 2976 usqne
399 2900 438 2959 ad
460 2900 492 2958 Π
516 2903 593 2973 109,
617 2918 635 2957 a
659 2897 787 2977 Georgio
811 2902 958 2961 Wissowa
981 2904 1053 2963 olim
1076 2904 1166 2962 colla-

157 2991 221 3047 tum
253 2991 289 3048 ut
320 2989 502 3065 adhiberem,
534 2988 660 3067 benigne
697 2989 772 3047 mihi
812 2992 988 3067 permiserat
1023 2992 1167 3051 Ricardus

156 3076 252 3136 Klotz.
284 3078 347 3153 ipsc
374 3097 445 3136 uero
473 3078 604 3137 codicem
630 3077 800 3136 Parisinum
829 3083 936 3141 10317
961 3073 1036 3162 (Po)
1060 3107 1102 3121 —
1131 3081 1166 3138 de
1279 3102 1283 3111 ⁴

157 3186 215 3243 quo
244 3167 319 3226 conf.
347 3166 454 3225 Philol.
482 3166 541 3225 nol.
569 3166 699 3225 XXXIII
725 3186 753 3242 p.
775 3170 838 3229 130
853 3188 895 3245 sq.
920 3202 962 3210 -
990 3169 1167 3244 quibusdam

157 3256 276 3331 quidem
299 3256 372 3315 locis
396 3256 575 3331 comparaui.
613 3275 649 3313 ne
672 3257 771 3314 totum
794 3258 924 3317 codicem
946 3258 1166 3333 perlustrarem,

155 3346 298 3422 temporis
316 3345 464 3404 breuitate
482 3344 643 3420 impeditus
663 3363 737 3421 snm,
755 3344 786 3403 id
805 3347 885 3421 quod
903 3365 937 3405 eo
956 3347 1052 3424 magis
1071 3346 1166 3425 doleo,

156 3436 235 3509 quod
266 3435 344 3494 hunc
376 3434 485 3493 librum
512 3434 604 3492 etiam
632 3434 671 3493 ad
699 3433 789 3492 Statii
819 3436 951 3495 carmina
982 3436 1167 3495 emendanda

156 3541 269 3583 summo
293 3524 361 3583 usui
384 3542 445 3583 esse
470 3522 544 3581 mihi
567 3524 710 3598 persuasi.
