2575 3900
178 135 245 199 418
400 131 688 200 COMMENTARIVS
707 130 746 185 IN
765 128 906 184 LIBRVM
924 130 972 185 IX.

178 284 338 345 secundam
358 283 528 356 Alcmenae,
552 282 584 340 in
607 300 667 358 qua
689 281 888 359 tergeminata
911 282 957 339 est
978 299 1044 357 nox,
1069 278 1197 338 tertium
1261 296 1263 303 ⁵

181 372 324 447 Semeles,
351 390 441 447 quam
472 371 596 430 fulmine
628 390 682 429 suo
714 371 850 446 Iuppiter
879 369 1023 444 incendit,
1051 370 1199 445 qun-tam

179 462 288 537 Ledae,
311 479 401 536 quam
428 460 563 537 Iuppiter
591 479 684 536 prope
706 460 816 519 flumen
845 458 969 517 uitiauit
996 459 1131 517 mutatus
1161 458 1200 515 in

181 569 318 628 cygnum.

248 640 311 697 426
336 655 589 704 rmuomvosorn
608 636 765 713 increpans
782 636 854 696 dicit
872 636 1047 713 praecipuos
1066 654 1097 694 se
1111 635 1199 694 Iouis
1224 646 1234 687 ⁵

181 728 260 786 filios
284 727 422 786 educasse
444 727 476 785 id
499 729 545 785 est
565 726 724 785 Herculem
746 725 952 801 Liberumque.

251 818 315 875 428
338 833 423 876 vum
445 834 512 874 cum
531 814 644 874 Semele
668 816 764 873 matre
783 817 896 873 certum
915 816 961 873 est
977 812 1120 873 Liberum
1138 813 1200 871 ful-
1250 882 1255 888 .

182 905 343 983 minatum,
371 905 422 963 sed
444 923 464 963 s
490 904 561 964 loue
588 904 793 979 Mercurioque
823 905 1015 979 praeceptum
1037 904 1068 960 et
1089 902 1202 961 fernim

182 995 264 1054 Iouis
287 994 420 1053 insutum
443 993 482 1051 ad
504 993 643 1052 nascendi
668 1012 729 1053 esse
752 996 888 1069 tempore
910 994 1103 1051 reseruetum.

250 1086 313 1142 429
337 1100 460 1141 rvrsnus
477 1100 603 1141 rosanus
625 1082 804 1141 mdauerum
826 1082 942 1141 molem.
1215 1090 1238 1131 1⁰

250 1175 315 1232 434
339 1189 502 1231 onmrvs
524 1188 632 1231 sacius
656 1190 806 1230 sacrorum
829 1171 957 1231 elamore
979 1170 1119 1245 repletus.

250 1262 314 1320 435
338 1277 478 1320 carneos
500 1260 606 1336 quibus
628 1260 728 1319 Liberi
751 1263 842 1335 caput
864 1262 995 1319 ornetur.

253 1352 316 1409 437
341 1366 523 1408 saumones
546 1348 705 1408 Threciam
727 1348 807 1407 dicit.

250 1439 313 1497 439
336 1455 485 1496 annonae
507 1457 561 1496 nec
583 1438 639 1496 tibi
662 1439 694 1496 in
712 1440 842 1496 mentem
858 1437 951 1496 uenit.
980 1436 1026 1495 bis
1045 1436 1200 1511 accipien-

186 1527 257 1585 dum
280 1527 333 1600 est,
355 1529 391 1584 ut
413 1526 465 1585 sit:
488 1544 542 1585 nec
564 1529 594 1583 te
617 1546 672 1587 nec
694 1544 800 1585 manue
822 1528 898 1586 tuae.
1217 1534 1240 1577 1⁵

253 1617 318 1675 440
341 1631 506 1674 sssmcrvu
528 1616 710 1674 nutritorum
731 1615 894 1674 immemor.

254 1705 317 1763 445
350 1722 383 1762 ru
410 1721 565 1763 nonnemo
593 1722 656 1764 noo
688 1705 713 1762 si
740 1722 800 1762 non
833 1706 879 1763 est
904 1703 936 1761 in
963 1722 1010 1761 me
1037 1703 1204 1761 immutata

186 1796 303 1852 natura

34 1895 184 1944 Isinda-³22
261 1883 326 1941 446
347 1898 539 1941 mammons
561 1881 718 1940 minaciter
739 1880 877 1940 dentibus
894 1880 1025 1940 sonitum
1042 1880 1124 1940 dans
1155 1882 1203 1939 in-

187 1972 322 2031 frendere
344 1971 423 2030 enim
446 1974 492 2030 est
514 1971 632 2046 proprie
656 1971 758 2030 dentes
781 1970 933 2030 irascendo
958 1973 1088 2046 quatere.
1120 1971 1203 2030 unde
1216 1981 1242 2022 2⁰

188 2066 219 2120 et
241 2060 390 2119 infrendes
414 2060 552 2119 dicuntum
573 2060 658 2137 pueri
681 2060 744 2118 sine
766 2059 911 2119 dentibus.

255 2151 317 2208 447
343 2165 434 2208 arcus
456 2167 552 2208 onum
574 2149 683 2208 furoris
707 2149 752 2207 sui
774 2149 862 2208 undis
884 2148 966 2207 dedit
988 2148 1107 2207 iudicia

255 2239 320 2296 448
347 2255 475 2296 Arxmrs
500 2238 613 2296 fluenta
635 2238 757 2297 niuium.
796 2237 956 2296 Cithaeron
984 2237 1133 2296 Ismenoni
1168 2238 1202 2296 in

188 2327 353 2386 uindictam
379 2325 435 2383 filii
461 2325 545 2384 uelut
572 2327 685 2385 auxilia
711 2327 794 2385 misit
825 2327 976 2386 exercitus.
1076 2343 1204 2386 siam

189 2434 315 2476 savium
338 2415 490 2492 eleganter
512 2415 596 2474 niues
618 2416 741 2475 brumae
764 2415 875 2491 pabula
898 2415 981 2474 dixit.
1019 2418 1132 2474 certum
1156 2417 1203 2476 est
1216 2423 1243 2466 2⁵·

191 2507 270 2565 enim
292 2505 408 2563 niuium
430 2504 612 2564 incremento
636 2505 793 2564 stridorem
815 2505 920 2563 hiemis
942 2503 1039 2581 magis
1062 2505 1176 2581 augeri

257 2597 321 2655 449
351 2611 473 2652 omnen
500 2593 630 2655 eiusdem
657 2593 829 2670 prouinciae
855 2593 971 2652 fluuius.
1069 2609 1203 2651 uncinis

262 2788 278 2834 2
297 2782 419 2853 iuppiter
436 2780 554 2834 fulmine
573 2798 622 2834 suo
644 2786 681 2834 Pb
700 2784 709 2850 ΙΙ
728 2787 743 2834 ὁ
762 2780 948 2850 increpandos
966 2783 1016 2850 ΙΙΙ
1037 2785 1051 2834 7
1070 2797 1142 2834 visor

191 2853 322 2907 Liberum
340 2871 389 2908 om.
408 2857 445 2905 Pb
466 2856 471 2917 Ι
490 2852 564 2906 vnde
582 2858 602 2904 1.
620 2852 730 2924 undaq3
747 2858 785 2904 l’s
805 2855 809 2921 Ι
831 2851 936 2906 semela
958 2858 996 2906 Ρη
1016 2855 1020 2920 Ι
1042 2854 1134 2906 mater
1151 2857 1175 2904 Ι,
1198 2849 1202 2921 Ι

192 2928 209 2977 8
235 2926 397 2993 perceptum
421 2931 441 2976 1.
471 2925 475 2992 Ι
504 2922 621 2977 foemori
645 2929 708 2976 Hb
740 2923 845 2978 femore
871 2941 938 2979 corr.
963 2941 997 2978 ecc
1021 2922 1118 2977 femini
1142 2927 1173 2975 1

194 3000 227 3050 10
246 3013 331 3047 rouro
350 2997 394 3064 ιΙΙ
407 3001 439 3047 11
460 3011 550 3048 escars
569 2999 682 3050 orm
697 2995 701 3067 Ι
718 2993 839 3048 clamore
857 3011 998 3049 sacrorum
1015 2997 1140 3064 repertus
1159 3000 1182 3048 Ι,

196 3073 228 3120 16
248 3065 385 3119 inmemor
401 3070 470 3118 Ira
491 3067 501 3134 ΙΙ
525 3071 557 3118 17
576 3071 614 3118 nu
632 3071 670 3119 Pa
690 3067 694 3134 Ι
715 3065 775 3119 siue
799 3067 842 3119 est
859 3071 922 3119 He
942 3067 946 3134 Ι
966 3067 1114 3119 mutatui
1136 3066 1202 3121 odd.

193 3139 224 3192 in
242 3143 268 3190 lt
281 3139 291 3207 ΙΙ
306 3142 339 3190 19
358 3135 481 3190 sonitum
499 3134 630 3190 dentibus
649 3142 669 3189 1.
685 3139 689 3206 Ι
706 3136 829 3190 sonitum
848 3137 918 3191 dane
936 3153 986 3192 om.
1000 3141 1036 3189 Pb
1051 3139 1060 3206 ΙΙ
1074 3141 1108 3189 20
1127 3135 1203 3190 enim

193 3228 244 3266 om.
271 3213 308 3261 Pb
339 3209 344 3279 Ι
372 3206 482 3276 proprie
515 3210 558 3261 est
584 3212 621 3261 Pb
651 3208 656 3280 Ι
690 3207 794 3262 dentib.
817 3213 845 3261 Κ
874 3211 878 3277 Ι
908 3207 981 3262 unde
1001 3252 1006 3262 .
1023 3251 1050 3262 ..
1070 3205 1203 3262 dentibus

193 3286 295 3337 omre
318 3281 328 3350 Ι
350 3278 516 3332 munden
543 3282 621 3332 ufir
648 3278 749 3333 uuum
773 3284 777 3347 Ι
803 3277 1051 3334 diceremur
1073 3281 1138 3348 naa
1161 3279 1200 3332 Is-

193 3369 295 3406 menon
312 3358 333 3404 1.
355 3349 533 3420 (h)ismenoni
550 3356 603 3402 ΠΡ
620 3352 629 3419 ΙΙ
648 3356 682 3404 24
701 3349 807 3405 excitus
826 3355 862 3404 Pb
881 3353 890 3420 ΙΙ
910 3355 943 3404 45
961 3348 1068 3420 pabula
1085 3349 1202 3404 brumae

194 3427 256 3501 m
279 3425 288 3492 ΙΙ
310 3428 344 3476 26
363 3420 439 3476 enim
456 3439 506 3476 om.
520 3426 548 3474 1
568 3423 572 3491 Ι
592 3421 701 3475 niuium
719 3439 768 3478 om.
787 3427 825 3474 Pe
845 3424 849 3491 Ι
871 3422 992 3491 rigorem
1009 3427 1045 3475 Le
1066 3424 1075 3492 ΙΙ
1098 3426 1131 3476 27
1150 3420 1200 3475 flu·

194 3491 316 3544 minisI.
