2575 3900
123 146 148 199 X
518 144 733 201 PRAEFATIO.

123 296 297 372 recederem,
321 296 456 354 sedeam
478 297 635 355 restituere
659 297 817 375 studerem,
841 316 931 373 quam
954 315 1136 357 acommen-

123 386 268 444 tariorum
292 388 412 444 auctore
432 386 573 462 scriptam
597 404 661 444 esse
679 385 842 445 credebam.
871 387 977 462 quodsi
998 387 1031 445 in
1049 406 1137 446 uoca-

123 475 201 533 bulis
229 474 389 534 scribendis
417 494 477 533 non
505 494 620 551 semper
649 475 723 534 mihi
750 475 885 553 constiti,
912 476 1032 534 ueniam
1062 477 1137 534 mihi

123 563 216 641 dabit,
236 565 296 640 qui,
309 583 363 639 per
378 567 523 640 quantum
541 564 685 640 temporis
699 565 831 640 spatium
844 565 913 624 huic
931 564 1007 624 libro
1023 565 1135 624 edendo

124 671 245 728 operam
268 652 411 730 dederim,
436 653 678 712 considerauerit.
740 703 762 750 ο

191 743 309 818 Restat,
333 744 368 800 ut
395 743 509 820 gratias
533 761 622 820 agam
646 761 736 817 quam
763 743 908 802 maximos
935 743 1009 802 uiris
1032 742 1137 820 doctis,

125 831 230 906 quiin
254 831 435 890 elaboranda
462 832 518 891 hac
542 832 671 890 editione
694 851 726 890 re
750 834 840 907 atque
863 832 987 892 consilio
1015 852 1061 890 me
1085 832 1136 890 ud·

123 921 277 980 iuuerunt:
305 919 463 980 Edmuudo
490 921 607 998 Kelter‚
631 921 682 996 qui
712 921 887 980 collationes
915 921 1137 981 accuratissimo

124 1010 220 1068 factas
242 1010 316 1068 mihi
339 1010 496 1088 concessit,
519 1010 647 1069 Ricardo
671 1009 772 1087 Klotz,
795 1010 847 1086 qui
870 1010 962 1068 etiam
987 1011 1020 1068 in
1048 1010 1137 1070 coni·

124 1099 228 1175 gendis
251 1099 382 1176 plagulis
400 1099 474 1158 mihi
493 1099 655 1158 auxiliatus
679 1102 732 1177 est,
755 1099 904 1158 Priderico
918 1098 1062 1177 Vollmer,
1085 1099 1137 1174 qui

125 1187 220 1246 denuo
241 1187 489 1248 officiosissimum
507 1188 540 1246 in
557 1207 604 1254 me
623 1189 752 1247 amicum
771 1207 801 1248 se
818 1188 978 1264 praestitit.
1007 1206 1137 1247 summas

124 1295 196 1336 uero
219 1277 333 1354 gratias
356 1295 414 1354 ugo
436 1277 608 1336 Hermanno
629 1277 752 1355 Vsener,
775 1278 857 1337 cuius
879 1276 1062 1335 liberalitate
1086 1278 1137 1336 ad·

124 1366 207 1425 intus
229 1366 368 1425 Lutetiae
392 1366 575 1425 Parisiorum
597 1369 735 1426 uersatus
758 1385 831 1426 sum.
865 1385 884 1424 a
907 1384 979 1442 quo,
1002 1368 1038 1424 ut
1059 1366 1138 1425 hunc

126 1453 235 1513 librum
262 1455 384 1530 pietatis
413 1454 622 1514 documentum
646 1455 788 1532 accipiat,
815 1457 885 1532 peto
912 1455 963 1531 pio
991 1456 1137 1532 gratoque

126 1561 234 1603 ammo.

194 1667 364 1728 Scribebam
379 1668 567 1728 Elberieldee
581 1688 681 1728 mense
693 1667 771 1726 Iulio
785 1669 857 1726 anni
870 1666 1137 1728 Moccoxcvm.
