2575 3900
323 180 612 255 COMMENTARIVS
629 181 671 236 IN
688 182 828 236 LIBRVM
845 183 893 237 ΠΙ.
1055 183 1118 248 185

107 332 241 407 fabulas,
278 351 355 407 quae
390 332 422 390 in
458 333 690 409 septentrionem
726 335 796 391 sunt
830 333 916 392 fictae
949 353 967 392 a
999 332 1119 394 Graecis

108 423 213 481 contra
240 422 305 480 ueri
334 422 533 497 propositum,
563 422 749 482 disseramus.
801 421 940 498 Callisto,
972 423 1119 499 Lycaonis

107 510 254 569 Arcadiae
281 511 361 588 regis
387 510 490 586 filiam,
515 511 547 568 in
575 511 721 570 comitatu
746 511 863 570 Dianae
890 513 1026 589 Iuppiter
1053 533 1120 572 cum

107 600 246 674 uidisset,
276 600 309 657 in
336 618 468 658 amorem
490 600 553 658 eius
575 600 682 659 incidit
703 604 866 676 nactusque
890 621 908 660 a
930 602 1053 678 reliquis
1077 621 1119 660 se-

82 690 266 766 sgregatam
288 689 436 764 nymphiS,
459 689 491 747 in
508 689 639 769 Dianam
661 692 795 749 mutatus
814 691 1023 767 seductamque
1041 710 1120 750 com·

106 776 217 854 pressit
235 780 266 835 et
284 778 441 854 grauidam
458 778 537 836 fecit.
562 779 645 837 cuius
664 798 731 837 cum
749 779 860 837 crimen
874 799 1005 838 crescens
1018 783 1120 839 uterus

107 867 261 943 proderet,
296 866 455 944 indignata
485 867 584 932 Diana
621 868 767 926 comitatu
798 887 851 927 suo
883 887 949 926 eam
980 870 1120 945 reppulit.

108 975 185 1032 quae
219 956 330 1014 exactis
357 956 457 1016 decem
484 956 633 1014 mensibus
666 957 752 1015 enixa
784 958 829 1014 est
859 957 1036 1033 paruulum,
1070 959 1121 1034 qui

107 1046 203 1104 Arcas
226 1045 452 1122 cognominatus
475 1048 528 1103 est
564 1045 722 1122 indignata
739 1046 823 1120 Iuno,
848 1046 927 1121 quod
944 1046 1049 1122 paelex
1068 1065 1121 1104 sua

70 1151 95 1190 1o
109 1155 144 1192 ex
162 1134 235 1193 Ioue
254 1133 346 1192 etiam
363 1135 460 1192 mater
477 1136 572 1209 esset,
595 1132 719 1193 Callisto
737 1135 831 1192 uertit
848 1135 879 1192 in
897 1153 1005 1193 ursam.
1038 1136 1121 1194 cuius

107 1223 188 1281 filins
206 1223 301 1280 Arcas
321 1241 388 1280 cum
411 1223 543 1281 esset'in
566 1223 701 1281 adultam
723 1223 882 1299 perductus
905 1226 1044 1299 aetatem,
1066 1225 1121 1282 im·

107 1312 239 1388 prudens
265 1311 298 1368 in
324 1313 451 1369 matrem
479 1311 586 1370 incidit
608 1319 766 1388 ursamq'ue
795 1313 915 1371 credens
942 1313 1032 1371 misso
1059 1314 1121 1372 telo

109 1419 176 1458 eam
204 1400 347 1475 perimere
376 1400 482 1460 uoluit.
528 1419 589 1458 non
612 1401 755 1460 sustinuit
776 1401 912 1477 Iuppiter
932 1403 1122 1480 ignorantem

109 1489 304 1566 parricidium
322 1491 493 1565 perpetrare
517 1489 678 1565 statimque
701 1509 752 1549 eos
774 1490 854 1556 inter
875 1492 973 1550 sidera
994 1492 1121 1551 rettulit.

72 1599 97 1639 15
109 1579 163 1637 ille
190 1578 335 1637 Arcturus
368 1580 399 1636 et
429 1578 489 1636 alio
520 1579 637 1637 nomine
665 1578 872 1655 Arctophylax
902 1584 1036 1657 uocatur,
1067 1582 1122 1639 illa

110 1664 218 1748 ἄρκτος
240 1666 355 1745 μείζων,
377 1666 485 1726 Latine
508 1668 671 1743 septentrio
700 1668 797 1728 maior
819 1670 996 1745 appellatur.
1043 1671 1123 1746 quod

112 1757 231 1834 signum
253 1756 319 1814 loco
343 1774 403 1815 non
424 1759 563 1816 mouetur
584 1777 680 1833 neque
702 1757 854 1835 mergitur.
901 1759 1013 1834 Tethys
1036 1760 1123 1835 enim,

110 1864 188 1904 uxor
210 1843 336 1920 Oceani,
363 1845 465 1904 nutrix
486 1845 608 1905 Iunonis
635 1846 707 1922 finit,
737 1865 813 1922 quae
836 1849 958 1923 propter
985 1849 1124 1906 affectum

111 1935 245 1994 nutritae
268 1954 335 1993 eam
357 1933 496 2011 prohibet
518 1932 719 2003 inOceauum
742 1937 853 1996 cadere.
881 1937 958 1995 unde
978 1936 1123 2015 Virgilius

74 2047 99 2087 so
111 2023 233 2103 (georg.
251 2024 267 2081 I
286 2019 385 2102 246>2
400 2019 527 2084 ‘Arctos
546 2022 656 2084 Oceani
675 2028 840 2085 metuentes
859 2045 987 2102 aequore
1004 2022 1122 2105 tingui'.

180 2114 244 2173 688
264 2132 373 2171 niurias
390 2130 492 2172 nocrn
509 2132 615 2171 11111
632 2114 791 2193 intellegis,
809 2118 904 2191 pater,
923 2135 1043 2175 causam
1061 2135 1123 2176 esse

111 2202 215 2261 mariti
242 2202 342 2261 uxoris
369 2202 520 2278 lacrimas,
551 2206 582 2261 et
608 2204 633 2261 si
661 2204 765 2281 lingua
791 2206 850 2263 mei
878 2205 970 2263 animi
997 2225 1057 2264 non
1085 2207 1126 2265 sit

111 2292 268 2367 interpres

114 2494 188 2605 ciaet
200 2479 307 2605 (dellde
329 2480 452 2547 sequitur
473 2479 585 2549 laeana)
603 2485 640 2532 ΡΙ)
681 2482 754 2535 tanc
776 2481 892 2537 Homeri
914 2498 1023 2537 uersam
1042 2483 1125 2537 tatere

112 2569 132 2605 a
163 2569 174 2605 1
233 2566 334 2605 omer.

184 2627 200 2674 1
220 2619 317 2674 fabule
335 2624 387 2673 ΠΡ
403 2622 407 2690 Ι
422 2620 453 2673 in
466 2636 516 2675 om.
529 2625 566 2674 ΡΙ)
583 2620 588 2692 Ι
603 2620 815 2692 inscriptionem
828 2628 866 2675 Pa
879 2625 888 2691 ΙΙ
903 2628 918 2675 2
938 2622 1124 2677 edisseramus

112 2691 305 2761 LlCalyston
327 2697 347 2743 1.
369 2694 379 2761 Ι
406 2697 422 2745 3
445 2691 519 2763 regis
543 2691 674 2747 arcadiae
698 2692 758 2746 filia
776 2699 813 2746 ΡΙ)
838 2695 848 2763 ΙΙ
874 2695 1125 2761 manentemque

114 2762 266 2831 areliquis
285 2767 428 2833 speratam
445 2768 482 2815 ΡΙ)
496 2765 535 2832 ΙΙ5
553 2762 585 2816 in
603 2762 690 2817 diana
703 2770 741 2817 Pa
755 2766 764 2833 ΙΙ
778 2770 794 2817 6
808 2766 873 2818 utrfi
886 2769 924 2817 Pa
937 2766 947 2833 ΙΙ
961 2770 976 2817 8
990 2764 1125 2834 pauolum

112 2841 151 2888 Pa
173 2837 183 2904 ΙΙ
211 2837 339 2889 9111111
357 2839 410 2886 nr
438 2836 442 2903 Ι
472 2833 671 2904 cognominata
688 2840 716 2887 ΙΙ
747 2834 915 2905 cognomina
932 2841 970 2888 Pa
999 2838 1003 2906 Ι
1032 2836 1125 2906 pellex

113 2910 176 2959 Ι.ΡΙ)
208 2905 284 2977 pelix
302 2910 371 2958 Ira
396 2909 400 2976 Ι
426 2904 485 2959 eius
503 2904 596 2975 pellex
614 2907 676 2975 (om.
696 2908 757 2976 sua)
776 2911 813 2959 ΡΙ)
836 2908 845 2975 ΙΙ
871 2911 904 2959 10
923 2906 1030 3034 etiam&
1041 2909 1070 2962 et
1087 2915 1125 2962 Pa

113 2996 165 3033 om.
184 2983 221 3031 ΡΙ)
238 2982 242 3045 Ι
259 2976 386 3031 Caliston
403 2982 441 3029 ΡΙ)
474 2978 609 3047 calypson
622 2983 660 3030 Pa
678 2994 747 3034 corr.
762 2979 794 3031 ia
810 2976 979 3047 calystonlt
1032 2978 1125 3050 alysto

113 3055 134 3102 L
159 3052 164 3118 Ι
189 3066 254 3103 ursa
272 3054 310 3102 Pa
341 3066 408 3101 ursu
426 3053 463 3100 ΡΙ)
489 3048 493 3121 Ι
518 3047 597 3101 cuius
622 3064 685 3102 cum
707 3048 782 3102 filius
807 3048 905 3103 archas
928 3056 965 3103 ΡΙ)
994 3053 1004 3121 ΙΙ
1032 3057 1064 3104 11
1084 3051 1125 3105 in-

113 3119 236 3191 prudens
262 3122 327 3190 ΙΙΙ
354 3125 388 3173 12
412 3118 526 3173 credens
551 3136 611 3174 esse
633 3137 728 3174 ursam
750 3125 787 3174 ΡΙ)
815 3122 825 3190 ΙΙ
853 3126 885 3173 13
910 3122 1050 3177 sustinens
1074 3128 1094 3174 L

115 3197 150 3245 14
170 3191 322 3259 statimque
347 3191 416 3246 corr.
435 3208 469 3245 ccc
487 3189 585 3245 statim
602 3196 630 3243 ΙΙ
671 3193 700 3245 et
719 3191 816 3246 statim
833 3197 870 3245 ΡΙ)
912 3193 1010 3248 statim
1028 3199 1090 3246 Ha

115 3267 149 3317 15
165 3263 275 3316 arectus
291 3268 329 3315 Pa
344 3262 349 3335 Ι
366 3262 526 3315 aretrofilax
539 3268 577 3315 Pa
605 3261 785 3333 arctophilax
798 3268 836 3316 ΡΙ)
853 3266 856 3332 Ι
872 3265 1052 3319 nominantur
1065 3267 1101 3316 ΡΙ)

116 3340 150 3388 16
169 3332 263 3387 mizon
285 3337 336 3386 ΙΙΡ
367 3336 460 3403 μείζω)
480 3339 500 3385 Ι,
524 3335 533 3404 «Ι
563 3334 736 3404 septentrion
758 3339 796 3387 Pa
823 3335 832 3404 ΙΙ
860 3341 893 3388 17
917 3334 1014 3389 Thetis
1032 3339 1126 3386 1111’·

113 3403 496 3474 1111111Ρ1Ι1811111ΡΙ)
517 3406 527 3487 ΙΙ
551 3411 583 3458 19
601 3404 710 3459 nutrice
728 3410 766 3457 ΡΙ)
798 3423 867 3461 corr.
885 3409 918 3461 ia
935 3404 1052 3460 nutricis
1070 3404 1122 3477 ll

114 3475 278 3548 prohiberet
295 3481 365 3528 Ha
396 3475 542 3545 prohibuit
558 3482 596 3530 ΡΙ)
621 3480 625 3547 Ι
650 3477 737 3547 unde]
755 3479 788 3531 ut
805 3482 844 3529 Pa
863 3479 873 3547 ΙΙ
893 3482 928 3531 20
945 3475 1019 3547 tingi
1036 3481 1098 3529 Hb
1116 3477 1126 3550 ΙΙ

115 3554 149 3602 21
169 3546 299 3617 intellige
317 3552 356 3620 ΡΙ)
368 3549 378 3617 ΙΙ
392 3554 424 3600 22
444 3547 540 3601 mariti
559 3564 644 3602 causa
662 3547 883 3616 1))12Ι1111111
901 3553 938 3602 ΡΙ)
969 3546 1070 3602 merito
1088 3553 1126 3601 Pa
