2575 3900
291 203 580 260 COMMENTARIVS
597 205 638 258 IN
657 204 883 261 AOHlLLEIDA.
1031 207 1097 271 499

81 356 184 416 audiri
197 355 283 433 pueri
296 355 440 433 uagitum.
468 357 546 414 unde
564 356 623 431 ipsi
642 359 713 415 sunt
730 357 835 416 Matris
854 357 942 416 deum
959 357 1097 418 ministri.

79 449 119 505 ut
142 448 244 505 autem
261 444 394 522 fingatur
413 443 559 504 Satmnus
581 444 660 504 fflios
679 464 747 505 suos
767 465 905 523 comesse,
927 446 1001 507 haec
1018 447 1099 506 ratio

8 544 10 551 '
81 538 145 610 est,
178 535 249 610 quia
280 534 391 593 dicitur
421 533 493 592 deus
526 553 588 593 esse
621 535 810 594 aeternitatis
843 538 873 594 et
904 537 1098 596 saeculorum.
1196 549 1200 556 '

81 625 205 684 saecula
232 626 333 682 autem
360 642 453 682 annos
477 643 513 682 ex
539 642 570 682 se
597 626 686 682 natos
709 624 741 681 in
764 643 794 683 se
821 624 989 684 reuoluunt.
1019 627 1099 685 unde

51 712 197 773 cGraece
219 710 349 792 Κρόνιος
372 712 458 787 quasi
484 709 589 792 χρόνος
612 712 643 770 id
667 715 712 771 est
739 715 856 788 tempus
880 713 996 773 dicitur.
1026 735 1098 793 ergo

82 821 154 878 quo
186 821 281 860 more
312 801 461 860 tacebat
489 800 595 859 Greta
622 802 753 878 Rheae,
786 803 818 860 id
847 804 905 862 est:
938 804 1008 879 quia
1036 805 1099 864 illis

83 890 175 950 Creta
196 891 278 950 Iouis
301 890 433 950 nutritus
457 893 514 969 est,
537 911 574 949 ne
598 909 616 948 a
639 891 769 950 Saturno
797 893 882 967 patre
906 892 1098 970 occideretur,

82 981 127 1041 sic
146 983 194 1056 tu,
217 1000 235 1039 o
259 979 375 1056 Scyros,
398 980 637 1039 commendatum
659 981 717 1039 tibi
739 980 887 1039 Achillem
911 981 1065 1040 absconde.

152 1071 216 1129 388
249 1087 331 1128 nuno
361 1069 452 1128 Delos
479 1071 510 1128 et
537 1069 645 1129 ciuitas
674 1069 783 1129 dicitur
810 1072 840 1128 et
870 1070 977 1129 insula.
1019 1071 1098 1129 unde

38 1183 67 1222 ιο
81 1159 234 1218 interdum
256 1158 364 1234 recipit
386 1159 646 1235 praepositionem.
687 1159 778 1218 Delos
806 1161 907 1217 autem
934 1159 1015 1218 dicta
1043 1162 1096 1238 est,

82 1249 169 1324 quia,
192 1267 260 1307 cum
281 1247 391 1323 ubique
414 1246 565 1323 Apollinis
591 1266 734 1324 responsa
758 1248 882 1307 obscura
906 1248 979 1326 sint,
1001 1249 1096 1307 mani-

81 1337 162 1396 festa
184 1337 247 1396 illic
270 1337 380 1395 dantur
402 1337 532 1395 oracula.
565 1356 635 1395 nam
659 1337 751 1416 δῆλον
775 1335 880 1396 Gracci
903 1338 1096 1397 manifestum

81 1426 195 1486 dicunt.

151 1517 216 1574 390
248 1532 409 1574 cronnnss
433 1513 576 1591 Cyclades
603 1534 664 1573 non
690 1515 757 1574 ideo
785 1515 883 1575 dictae
913 1504 998 1592 sunt,
1025 1517 1096 1592 quia

39 1630 67 1670 15
81 1604 115 1662 in
146 1604 331 1662 rotunditate
366 1605 448 1682 sunt,
477 1623 511 1662 eo
544 1605 624 1680 quod
657 1602 763 1664 Graeci
793 1604 903 1665 κύκλον
934 1606 1095 1664 rotundum

81 1695 205 1768 uocant,
229 1694 280 1752 sed
307 1693 387 1768 quod
413 1693 504 1771 longo
531 1694 634 1752 ordine
661 1713 710 1752 eas
734 1694 887 1753 ciromnire
910 1713 1027 1754 necesse
1050 1697 1096 1754 est

82 1785 206 1859 propter
227 1781 443 1859 promunturia‘
457 1782 632 1858 periculosa.
686 1809 687 1814 ¹

150 1873 214 1933 393
247 1889 351 1930 rmesr
373 1871 487 1931 thiasos
510 1872 695 1948 saltationes,
719 1871 841 1930 choreas
866 1871 965 1930 Liberi
994 1872 1094 1931 idest

82 1961 241 2021 Liberalia.
354 1963 357 1968 ’

41 2076 69 2116 eo
150 2053 213 2111 397
242 2069 377 2110 munaus
399 2068 534 2109 nummos
555 2069 670 2111 >vamur
700 2049 846 2128 originem
872 2049 944 2108 belli
972 2050 1094 2109 Troiani

82 2140 186 2198 taliter
207 2140 334 2199 historia
351 2140 457 2198 refert:
479 2139 647 2215 Herculem,
670 2158 738 2199 cum
752 2138 877 2199 Colchos
896 2138 954 2199 iret
976 2140 1093 2216 perdito

81 2228 176 2307 Hyla,
204 2232 274 2306 post
300 2230 491 2306 peragratam
514 2228 643 2304 Mysiam
670 2228 797 2287 nauibus
820 2228 941 2287 Troiam
968 2229 1091 2289 uenisse.

83 2336 101 2375 a
124 2318 209 2377 cuius
232 2320 322 2394 portu
341 2337 409 2377 cum
428 2337 497 2376 eum
514 2317 686 2377 Laomedon
705 2320 828 2394 arceret,
852 2318 964 2377 occisus
988 2321 1042 2393 est,
1062 2321 1094 2377 et

84 2406 147 2468 eius
170 2407 234 2466 filia
251 2407 385 2466 Hesiona
402 2406 480 2466 belli
501 2406 566 2465 iure
589 2406 709 2465 sublata
731 2406 835 2466 comiti
857 2406 1012 2465 Telamoni
1030 2410 1092 2466 tra-

41 2523 69 2563 25
83 2495 147 2555 dita
169 2499 227 2573 est,
251 2497 304 2572 qui
329 2497 443 2573 primus
467 2495 640 2555 ascenderat
666 2515 792 2554 murum.
829 2495 907 2554 unde
934 2498 1022 2555 natus
1046 2499 1094 2555 est

83 2586 201 2645 Teucer.
242 2605 313 2644 nam
334 2585 459 2645 Aiacem
482 2604 518 2643 ex
545 2585 606 2644 alia
633 2586 751 2645 constat
780 2603 843 2643 esse
871 2588 982 2645 natum.
1019 2588 1093 2644 tuno

82 2675 223 2733 Hercules
245 2674 400 2733 Priamum
423 2692 539 2750 quoque
566 2674 755 2750 redemptum
778 2692 796 2732 a
819 2673 927 2733 uicinis
953 2673 1099 2735 hostibus,

82 2764 114 2821 in
135 2768 261 2840 paterno
284 2782 376 2843 regno
399 2763 519 2824 locauit.
542 2762 620 2822 unde
639 2765 670 2821 et
688 2762 825 2822 Priamus
848 2762 944 2822 dictus
968 2766 1013 2822 est
1032 2760 1091 2823 ἀπὸ

151 3006 253 3062 Linde
271 3012 291 3059 L
311 3007 321 3077 ΙΙ
347 3010 488 3059 dneouoc
506 3006 526 3071 ᾗ
543 3021 649 3057 mosoc
667 3009 694 3056 n
717 3006 727 3074 ΙΙ
754 3002 873 3059 sillic?
895 3005 905 3074 ΙΙ
933 3002 1091 3059 TGretae?

83 3078 158 3132 certe
175 3084 195 3131 L
223 3094 307 3132 cerua
324 3094 453 3147 anonym.
472 3076 597 3130 Hecdelb.
611 3077 621 3145 ΙΙ
639 3080 655 3129 8
675 3075 699 3129 si
717 3077 781 3129 tuos
801 3090 880 3144 cyros
898 3080 925 3127 n
943 3076 952 3144 ΙΙ
972 3080 1005 3128 10
1023 3074 1089 3129 niti·

7 3199 9 3206 .
83 3149 186 3203 dumL
213 3148 357 3203 interduro
375 3153 402 3199 Ι
424 3150 433 3218 ΙΙ
457 3152 489 3199 11
509 3145 607 3215 utique
625 3151 645 3198 L
662 3147 666 3217 Ι
682 3162 818 3215 responsa
836 3162 886 3201 orn.
905 3151 932 3198 n
958 3148 961 3215 Ι
987 3145 1025 3199 sit
1042 3151 1062 3198 L
1080 3146 1090 3219 ΙΙ

84 3226 118 3274 12
130 3219 187 3275 illis
202 3220 304 3275 dentur
317 3225 337 3272 L
355 3221 366 3289 ΙΙ
384 3224 417 3271 15
431 3217 462 3271 in
476 3216 682 3271 rotunditatem
695 3222 714 3269 L
731 3218 735 3288 Ι
752 3218 851 3286 cyclon
863 3221 892 3270 1
904 3220 913 3287 ΙΙ
928 3222 960 3270 17
975 3220 1090 3287 propter

83 3297 176 3347 om.L1
205 3293 210 3362 Ι
238 3289 429 3362 promontoria
453 3295 473 3342 L
504 3287 721 3372 promunctoria‘
739 3291 802 3372 ΙΙΙ
831 3294 864 3343 18
890 3306 1000 3341 amusos
1027 3292 1088 3357 (om.

84 3364 288 3488 stlttll
304 3380 419 3488 aar
432 3361 1081 3505 Tltlltlltllbtlltttlty

83 3505 219 3576 abunde]
238 3506 423 3574 nunsula?
442 3504 666 3574 redemptueLll
687 3502 969 3574 repositorium.
989 3504 1027 3574 et)
1046 3506 1090 3559 est

82 3575 206 3630 Priamus
226 3575 318 3630 dictus
336 3581 356 3627 L
372 3578 376 3644 Ι
392 3574 592 3644 Ariotoymace
611 3576 668 3628 aud
686 3574 743 3629 emi
761 3581 788 3627 rt

876 3664 930 3717 82*
