2575 3900
183 212 249 276 256
413 208 701 264 COMMENTARIVS
720 208 760 262 IN
780 209 920 264 LIBRVM
938 209 971 265 V.

182 363 322 421 hortante
349 361 476 436 Polyxo,
504 363 539 418 ut
566 378 683 419 omnem
710 359 828 418 uin'lem
854 363 996 420 necarent
1022 380 1136 439 sexum,
1162 367 1193 422 et

183 450 331 526 quomodo
358 450 425 525 ipsa
452 449 581 508 Thoanti
607 449 773 524 pepercerit
803 449 884 524 patri
912 469 1037 525 eumque
1068 453 1191 527 praeuio

181 540 289 599 Libero
312 541 411 614 patre,
434 538 517 598 cuius
539 537 618 597 filius
640 538 753 613 fuerat,
780 538 955 614 imposuerit
977 540 1049 597 naui
1073 544 1103 598 et
1125 541 1192 616 ipsa

181 628 329 704 acceperit
344 647 477 705 regnum
512 627 657 685 aduentus
675 627 918 705 Argonautarum
937 630 967 685 et
986 647 1087 687 eorum
1105 630 1192 690 labor

179 721 244 776 tam
263 719 367 776 contra
384 718 592 792 tempestatem
611 734 701 791 quam
720 718 824 775 contra
839 716 1026 793 Lemniades,
1045 737 1120 794 quae
1139 738 1190 778 eos
1217 730 1232 772 5

180 806 267 865 bellis
298 806 490 866 lacessebant.
544 805 627 880 pacis
662 805 769 880 petitio
801 806 839 864 ab
871 805 984 864 Iasone.
1040 808 1188 882 quomodo

179 895 309 971 suscepti
332 896 393 955 sint
415 895 545 971 hospitio
567 894 761 970 Argonautae
786 895 870 953 etin
893 895 1074 954 consortium
1097 896 1190 956 etiam

178 985 285 1044 cubilis
303 985 433 1044 admissi.
470 983 617 1060 quomodo
640 981 706 1057 ipsa
730 983 767 1041 ab
785 983 890 1042 Iasone
913 984 1045 1060 decepta,
1067 987 1102 1043 ut
1125 986 1188 1045 eius

170 1075 369 1133 matrimonio
397 1073 584 1134 consentiret.
629 1070 875 1148 Argonautarum
902 1071 1048 1132 discessio.
1096 1075 1187 1153 fama,

178 1164 258 1239 quod
287 1164 403 1222 uiueret
430 1163 535 1222 Thoas,
581 1161 655 1238 fuga
683 1160 865 1237 Hypsipyles
897 1165 928 1219 et
959 1163 1119 1238 captiuitas
1156 1167 1187 1223 et
1202 1177 1229 1217 10

177 1253 310 1312 uenditio
343 1253 478 1330 Lycurgo
510 1252 599 1309 facta.
651 1250 735 1324 pueri
759 1251 933 1310 Archemori
965 1251 1123 1329 descriptio
1156 1256 1187 1312 et

177 1342 314 1402 draconis
349 1342 524 1419 terrigenae.
581 1339 730 1397 exsecutio
768 1339 927 1398 occidentis
963 1340 1184 1400 Archemorum

175 1430 270 1507 ipsius
293 1431 429 1489 draconis
452 1449 470 1488 a
493 1429 631 1505 Capaneo
654 1427 801 1489 interitus.
843 1429 980 1505 planctus
1003 1428 1185 1508 Hypsipyles

176 1537 266 1594 supra
284 1518 458 1579 Archemori
476 1519 611 1578 cadauer.
649 1517 779 1594 Lycurgi
798 1519 943 1577 aduentus
961 1517 1090 1578 uolentis
1110 1521 1184 1580 occi·

176 1607 244 1666 dere
271 1608 466 1684 Hypsipylen.
512 1606 643 1666 defensio
671 1606 860 1683 Argiuorum.
908 1606 1052 1665 iniuriosa
1079 1609 1184 1669 militis
1199 1621 1226 1662 1⁶

175 1696 342 1774 indignatio
375 1698 453 1757 circa
483 1696 653 1773 Lycurgum
685 1713 738 1771 pro
770 1695 945 1772 Hypsipyle.
998 1696 1184 1757 interuentus

174 1786 352 1861 Amphiarai
373 1805 477 1862 pacem
499 1785 644 1844 facientis.
685 1784 831 1844 aduentus
853 1785 983 1844 filiorum
1000 1785 1183 1861 Hypsipyles

174 1877 210 1934 de
231 1876 336 1934 Iasone
356 1878 565 1950 susceptorum.
602 1872 779 1948 Amphiarai
803 1874 944 1933 allocutio
965 1870 1124 1952 suadentis,
1147 1878 1183 1934 ut

174 1968 360 2025 consecretur
382 1965 587 2023 Archemorus.

12 2065 162 2114 Liuor-162
242 2057 259 2112 1
284 2072 382 2113 evasa
410 2072 487 2112 s1r1s
514 2073 626 2115 rnvvro
654 2070 879 2118 romaricus
908 2070 1052 2111 arsamis
1076 2071 1182 2113 nuvvn
1196 2064 1224 2105 2⁰

172 2143 250 2201 huuc
277 2135 387 2212 librum
409 2145 499 2219 poeta
521 2146 605 2202 extra
628 2144 762 2203 ordinem
785 2142 923 2201 carminis
946 2141 1029 2217 fecit,
1058 2142 1182 2200 excessit

173 2232 252 2291 enim
288 2233 490 2291 oeconomiam
527 2250 619 2291 suam.
673 2234 705 2291 in
737 2251 795 2309 quo
831 2230 907 2289 libro
944 2229 1007 2288 ludi
1044 2230 1181 2290 funebres

173 2321 347 2380 sanciuntur
381 2320 578 2396 Archemoro,
615 2322 666 2397 qui
703 2322 815 2397 primus
851 2320 883 2377 in
919 2320 975 2378 hoc
1016 2319 1110 2395 bello,
1146 2322 1182 2379 ut

170 2409 356 2470 Protesilaus
376 2410 408 2467 in
431 2410 533 2485 Hiaco,
556 2413 693 2487 expertus
721 2413 766 2468 est
789 2412 922 2469 mortem.
1017 2426 1181 2467 rorvnara

170 2500 220 2559 hic
243 2499 360 2577 agentis
383 2500 436 2574 est,
461 2517 521 2557 non
543 2499 694 2575 patientis.
1197 2508 1224 2548 2⁵

243 2659 257 2707 1
277 2653 445 2706 PolixoneL
469 2650 564 2720 polire
583 2669 651 2707 corr.
667 2669 700 2706 cx
718 2650 831 2733 polipxo
845 2655 872 2701 ΙΙ
894 2648 991 2719 polipo
1005 2649 1082 2703 Mon.
1101 2648 1181 2718 polix

169 2726 217 2796 ipo
235 2731 274 2778 Ρ)
287 2726 296 2807 Ι
310 2730 326 2777 2
345 2722 433 2794 prelio
452 2724 495 2791 ΡΙ
509 2727 525 2774 3
545 2725 606 2776 erat
623 2727 685 2776 Ι.ΡΙ)
702 2726 706 2785 Ι
722 2722 885 2792 inposuerat
902 2726 940 2774 Ρ)
967 2719 1102 2789 imposuit
1119 2725 1156 2772 ΡΙ)
1170 2720 1181 2792 ΙΙ

169 2803 187 2849 4
201 2799 311 2865 accepit
324 2801 362 2848 Ρ)
385 2795 532 2863 acceperat
540 2798 577 2846 ΡΙ)
593 2796 598 2862 Ι
614 2793 767 2848 aduentum
781 2798 842 2845 urb
859 2792 863 2863 Ι
880 2808 976 2845 earum
985 2797 1022 2844 ΡΙ)
1035 2791 1038 2863 Ι
1050 2790 1180 2844 laborata

168 2872 197 2919 Π
213 2866 345 2921 laborata
358 2873 396 2920 Ρ)
409 2869 419 2936 ΙΙ
432 2871 448 2919 ὅ
462 2867 522 2918 tam
536 2882 586 2921 om.
595 2870 633 2918 ΡΙ)
645 2866 650 2938 Ι
661 2863 786 2918 leniades
800 2868 838 2916 ΡΙ)
852 2866 861 2933 ΙΙ
875 2869 891 2916 6
906 2862 984 2933 potio
998 2867 1035 2916 Pa
1051 2864 1055 2931 Ι
1070 2860 1179 2916 iasione

168 2944 207 2990 Pa
223 2940 226 3006 Ι
243 2938 291 3005 q1i1
308 2943 335 2989 ΙΙ
352 2942 362 3008 ΙΙ
380 2944 395 2991 7
415 2939 481 2991 sunt
497 2942 518 2989 Ρ
534 2938 538 3005 Ι
554 2939 583 2990 et
600 2954 650 2991 om.
666 2941 703 2989 ΡΙ)
721 2939 731 3006 ΙΙ
751 2941 767 2989 8
786 2934 919 3003 quoniam
937 2938 974 2986 ΡΙ)
991 2936 996 3003 Ι
1012 2933 1060 3003 ab]
1080 2950 1097 2986 a
1115 2938 1178 2987 2Ρ)

169 3012 213 3062 est
230 3012 290 3079 ΡΙΙ
308 3014 324 3061 9
342 3007 522 3062 matrimonio
544 3006 714 3061 consentiret
732 3024 782 3061 cuc.
801 3012 838 3059 ΡΙ)
855 3007 859 3074 Ι
875 3005 984 3075 famaq3
1003 3004 1099 3057 uiuere
1116 3009 1154 3057 ΡΙ)
1170 3006 1179 3075 ΙΙ

169 3085 203 3134 10
221 3079 375 3151 hipsiphin
392 3085 420 3132 ΙΙ
436 3082 440 3149 Ι
456 3077 572 3148 captiui
585 3084 605 3131 Ρ
618 3081 628 3147 Ι
643 3084 675 3131 11
696 3079 725 3131 et
744 3095 793 3133 om.
807 3081 845 3129 ΡΙ)
859 3079 868 3147 ΙΙ
883 3082 916 3130 12
935 3075 1126 3147 terigenarum
1139 3079 1176 3127 ΡΙ)

168 3151 192 3204 dr
210 3150 345 3221 Erigones
364 3152 406 3220 2ΙΙ
421 3155 454 3202 13
473 3148 607 3219 ipsiphile
625 3150 716 3220 ΕΙΡαΙ
731 3150 741 3218 ΙΙ
755 3153 787 3201 17
806 3148 971 3218 Amphiarai
991 3189 996 3201 .
1013 3190 1019 3201 .
1039 3146 1177 3200 aduentus

167 3240 218 3278 om.
236 3229 256 3275 L
281 3225 285 3292 Ι
310 3220 463 3292 hipsiphile
481 3223 570 3291 ll(l’a)
592 3223 603 3291 ΙΙ
626 3226 658 3275 19
678 3221 856 3274 consacretur
877 3223 914 3272 ΡΙ)
938 3221 947 3289 ΙΙ
970 3223 1004 3272 20
1022 3235 1105 3271 evasa
1125 3260 1131 3271 .
1149 3259 1176 3271 ..

167 3312 265 3347 naevio
284 3310 333 3349 om.
353 3298 405 3345 ΙΙΡ
420 3295 424 3362 Ι
441 3290 531 3345 altum
548 3298 569 3345 Ρ
585 3293 666 3363 lpost
683 3309 773 3345 invvn
791 3294 823 3345 iu
840 3295 891 3342 ΙΙΡ
920 3291 1043 3359 sequitur
1060 3287 1106 3341 hio
1127 3330 1153 3342 ..
1171 3330 1176 3341 .

166 3363 302 3435 patientis
316 3368 326 3435 ΙΙ
339 3370 372 3417 21
392 3362 461 3418 fecit
480 3407 485 3417 .
502 3407 530 3418 ..
550 3379 631 3417 suam
649 3380 700 3418 cm.
718 3368 756 3416 Ρ)
770 3364 779 3432 ΙΙ
793 3368 826 3415 22
846 3360 921 3414 enim
939 3377 989 3415 om.
1008 3365 1035 3412 ΙΙ
1050 3359 1054 3429 Ι
1071 3358 1101 3411 in
1121 3374 1177 3427 quo

168 3480 195 3491 ..
213 3481 218 3491 .
237 3438 356 3491 mortem
374 3438 406 3489 ia
418 3441 463 3488 LP
490 3436 617 3505 legantem
631 3440 695 3504 post
708 3435 788 3489 schol.
804 3440 819 3487 2
836 3476 841 3486 .
858 3476 863 3487 .
880 3474 886 3488 .
902 3432 939 3485 ad
956 3430 1062 3485 bellum
1076 3432 1085 3499 ΙΙ
1099 3435 1133 3482 24
1146 3428 1178 3483 in

166 3508 284 3563 Iliacol.
302 3508 368 3562 ilico
377 3513 405 3560 ΙΙ
422 3505 499 3560 illico
508 3512 547 3559 Ρ)
565 3505 650 3560 iliaco
660 3510 697 3559 ΡΙ)
710 3504 713 3577 Ι
726 3507 770 3559 est
779 3522 829 3559 om.
839 3511 877 3556 Pa
889 3504 891 3576 Ι
903 3519 1041 3557 rorvuari
1050 3518 1100 3555 om.
1111 3505 1158 3552 ΙΙΡ
1167 3500 1178 3572 ΙΙ

167 3585 201 3633 25
211 3579 264 3635 hoc
272 3585 310 3633 ΡΙ)
324 3579 407 3633 huius
417 3580 467 3633 del.
477 3594 610 3648 superscr.
620 3576 709 3632 hoel
721 3576 724 3650 Ι
737 3575 846 3647 agentis
857 3575 930 3630 hicn
943 3574 946 3647 Ι
958 3571 1093 3643 patientis
1105 3573 1176 3625 eet?
