2575 3900
313 184 601 242 COMMENTARWS
618 184 660 239 IN
677 185 817 239 LIBRVM
835 174 894 240 Vll.
1045 186 1110 251 365

96 353 116 393 a
135 335 195 395 loci
212 338 358 397 uocabulo
373 336 511 413 Carystia
530 336 675 395 dicuntur.
708 336 786 395 unde
801 336 937 396 Lucanus
951 331 1000 415 <V
1011 331 1110 415 232>2

96 418 171 500 ‘qua
193 426 285 485 maris
307 429 451 505 angustat
472 428 573 485 fauces
596 444 702 485 saxosa
727 420 886 501 Carystos’.

166 515 227 574 371
253 534 315 575 nou
337 533 471 576 nvmnxs
495 531 596 574 mons
623 514 712 573 ualde
741 514 876 573 omnibus
903 516 998 574 notas.

31 594 38 600 ⁸
96 619 264 662 carmus
281 623 367 663 mons
387 607 434 663 est
455 603 619 663 altissimus
637 602 804 679 naufragiis
824 600 1003 662 Graecorum
1021 605 1110 662 notus

66 692 235 751 5omnibus
256 694 289 751 in
310 693 418 753 finibus
441 693 588 752 Euboeae.

166 782 229 841 378
256 801 359 843 vnrxo
386 801 447 842 non
473 782 577 841 coacti.
676 796 816 840 xvxasrls
844 779 963 839 iurare
991 782 1109 857 proprie

5 941 6 944 Ἴ
95 872 151 947 est,
175 871 438 947 quotienscumque
462 873 647 930 sacramento
671 869 815 928 exercitus
843 868 875 927 in
903 868 1004 945 aliquo
1031 869 1109 929 bello

96 960 256 1035 conspirat
311 960 373 1019 siue
403 960 474 1036 quia
501 960 645 1036 legiones,
679 977 746 1017 oum
773 958 953 1033 scribuntur,
981 960 1050 1016 ante
1078 958 1110 1016 in

96 1051 284 1107 sacramenta
305 1049 432 1108 militiae
455 1048 675 1124 compelluntur
696 1047 804 1106 iurare.

5 1181 6 1208 ³
50 1149 81 1189 1⁰
164 1139 227 1197 386
255 1155 309 1197 mc
337 1156 418 1196 naar
445 1157 485 1196 nr
513 1155 637 1195 raanan
663 1136 767 1195 hostili
794 1135 907 1212 animo,
936 1134 1021 1211 quasi
1048 1134 1109 1193 iam

5 1213 6 1254 i
95 1245 157 1284 non
180 1229 235 1302 est,
258 1226 341 1285 dixit.

163 1316 226 1375 388
261 1332 412 1375 numerus
440 1318 476 1373 ut
502 1314 638 1373 inuenias
669 1334 716 1372 me
746 1316 896 1373 carentem
928 1312 1047 1371 auxiliis
1079 1315 1109 1371 et

94 1403 220 1463 occidas.

5 1487 6 1498 ’
163 1493 510 1553 3931>nns1>1ovassxo
534 1509 614 1552 nvos
638 1510 737 1551 roure
766 1491 828 1550 siue
856 1490 1032 1550 adueniente
1061 1490 1107 1549 die

5 1609 6 1612 ¹
51 1593 80 1633 15
94 1581 267 1657 perspicuas
290 1582 352 1641 siue
377 1600 412 1640 ex
434 1580 565 1640 cratibus
582 1581 688 1659 factas,
712 1600 788 1657 quae
810 1580 935 1639 raritate
953 1579 1109 1657 uirgarum

94 1688 223 1729 conexae
246 1671 342 1729 lucem
366 1670 537 1729 admittunt

162 1760 226 1820 394
249 1779 315 1819 nvn
342 1777 445 1817 nunna
470 1775 589 1818 monus
616 1759 687 1817 dum
715 1758 812 1817 adhuc
838 1776 887 1817 ros
914 1757 946 1815 in
973 1756 1107 1834 gramine

93 1850 148 1924 est,
172 1867 230 1924 quo
253 1852 386 1924 tempore
409 1848 543 1926 gratiora
566 1850 636 1906 sunt
658 1847 814 1924 pecoribus
836 1864 956 1923 pascua.

162 1938 224 1997 396
248 1957 359 1998 nvxvn
382 1955 547 1998 ranorum
569 1937 656 1997 lactis
679 1937 809 2013 pondere
832 1935 1039 2014 praegrauata.

52 2039 80 2078 2⁰
163 2028 225 2087 397
246 2044 417 2087 svocmvas
435 2027 589 2085 tardantes
608 2027 824 2085 asuooidendo.
858 2027 929 2101 siue,
943 2027 979 2083 ut
991 2015 1106 2083 fetume

5 2189 6 2193 Ἰ
94 2115 298 2175 succedentem
325 2116 458 2175 subolem
485 2116 715 2191 demonstraret,
749 2115 936 2174 succiduas
968 2113 1045 2173 dixit
1074 2113 1106 2171 id

5 2248 6 2253 η
93 2206 141 2262 est
162 2205 298 2265 maanus.
1126 2270 1127 2274 Ἰ

161 2295 224 2354 402
249 2312 333 2353 noun
356 2310 458 2353 rvcan
481 2293 553 2352 fecit
576 2293 655 2351 enim
677 2293 805 2352 formido
828 2293 952 2352 uelooes.
1114 2298 1264 2346 lind-ntor

5 2442 6 2455 ¹
161 2383 225 2442 403
257 2399 448 2441 raonxomnrc
481 2399 598 2441 cunnus
630 2382 728 2442 nescio
762 2382 834 2458 quid
862 2381 1028 2458 prodigiale
1056 2380 1105 2438 de·

5 2486 6 2489 ’
51 2480 77 2522 15
92 2471 242 2532 nuntians.
349 2488 484 2530 reanum
511 2488 584 2530 rnrr
611 2473 693 2530 certa
720 2470 799 2529 enim
830 2470 1010 2529 bellantibus
1042 2487 1105 2528 sors

5 2590 6 2597 κ
93 2561 139 2618 est
160 2563 287 2619 mortem
310 2577 435 2635 sperare.

160 2651 224 2709 404
246 2665 470 2714 vonvoxnsovn
492 2665 655 2714 rnnxrovn
677 2648 734 2708 hoo
756 2648 821 2707 loco
849 2667 896 2706 res
923 2645 1105 2724 prodigiales

91 2739 183 2814 poeta
206 2737 354 2796 describit.

160 2828 224 2886 405
249 2844 423 2891 srnnxaovn
446 2825 552 2903 ignota
577 2825 676 2884 sidera
703 2843 846 2901 apparere
873 2827 1005 2901 tempore
1032 2823 1105 2883 belli

5 3106 6 3123 χ
165 3053 178 3100 1
199 3047 319 3102 caristea
336 3053 405 3102 nrt
419 3051 458 3118 113
478 3047 608 3103 omnibus
626 3049 711 3102 ualde
729 3051 803 3118 Lllt
821 3049 969 3120 naufragio
987 3055 1007 3102 L
1023 3051 1028 3120 Ι
1044 3066 1104 3103 om-

5 3172 6 3175 ,
90 3117 174 3172 nibus
192 3121 276 3174 notus
295 3125 340 3172 LP
362 3122 372 3189 ll
394 3125 410 3172 6
430 3122 529 3174 coacta
546 3124 584 3171 Pa
604 3121 614 3188 ll
637 3124 652 3172 7
672 3121 848 3174 sacramenta
865 3127 886 3174 P
904 3122 913 3190 ΙΙ
932 3127 947 3175 8
966 3121 1034 3191 quia
1052 3137 1102 3175 om.

5 3208 6 3231 2
91 3195 127 3242 Pb
147 3192 157 3259 11
176 3195 208 3242 11
229 3193 303 3245 asset
320 3197 341 3244 L
359 3194 368 3261 ΙΙ
387 3196 421 3244 14
439 3208 597 3245 annumeras
616 3208 666 3246 om.
686 3195 738 3243 ΗΡ
753 3194 757 3262 l
774 3210 815 3246 uo
832 3210 884 3249 om.
902 3198 923 3244 P
938 3193 942 3264 Ι
958 3192 1034 3246 foras
1052 3189 1105 3262 flii

93 3265 126 3315 16
145 3269 268 3316 conexae
286 3267 306 3314 L
327 3265 336 3332 ΙΙ
357 3267 391 3316 18
410 3264 454 3316 est
471 3279 521 3318 om.
541 3267 561 3314 L
579 3264 589 3332 ll
609 3267 641 3316 19
660 3263 772 3317 tactura
790 3268 809 3315 P
825 3267 829 3331 Ι
845 3265 967 3334 granata
983 3268 1011 3315 Ι
1041 3277 1103 3332 pre-

90 3335 227 3458 stuta
236 3332 1104 3475 ,1111114116111141114,111111

91 3478 128 3527 Pb
151 3477 161 3544 ΙΙ
185 3480 218 3528 23
237 3475 303 3529 Mox
326 3475 424 3546 refuge
441 3480 469 3527 Ι
484 3480 489 3535 l
505 3474 576 3530 facit
593 3479 630 3528 Pb
654 3478 664 3546 ll
686 3481 721 3530 24
739 3475 778 3545 qd
794 3482 822 3529 Ι
838 3476 841 3548 l
857 3475 1022 3546 pronuntias
1040 3479 1076 3528 Pb
1094 3475 1105 3548 ΙΙ

92 3551 127 3600 27
145 3548 231 3616 poeta
245 3554 310 3616 post
326 3547 389 3601 loco
404 3562 464 3617 poa.
479 3552 516 3599 Pb
532 3548 537 3615 Ι
552 3545 725 3617 prodigiales
740 3563 785 3602 res
799 3553 845 3600 LP
858 3551 866 3618 ΙΙ
880 3553 915 3602 29
933 3546 1018 3618 ignea
1030 3553 1068 3600 Pa
