2575 3900
324 195 613 258 COMMENTARIVS
632 196 673 250 IN
690 196 830 250 LIBRVM
847 196 894 251 Ill.
1049 198 1111 261 143

167 351 209 408 72
238 364 365 407 uovrsm
393 350 446 405 aut
472 347 519 404 ius
546 346 707 424 legationis
735 350 789 405 aut
816 348 883 406 iura
910 347 1032 423 pietatis
1059 351 1112 407 aut

96 437 260 515 legationis
282 437 371 514 leges,

167 530 208 587 73
233 543 353 585 cursum
384 525 433 583 hie
465 518 572 600 ‘cupis'
600 523 756 601 significat.
807 525 839 582 id
866 527 911 583 est
938 526 1112 600 cupiditatis

98 619 169 674 tuae
193 615 299 674 crescit
320 614 497 673 incendium.

70 721 82 762 s
167 705 207 763 75
232 723 271 762 me
294 721 368 762 nmo
391 720 536 762 nonnose
560 719 720 762 vonimus
740 721 767 768 o.
788 720 815 760 n.
835 703 952 780 integer
969 722 1000 762 se
1019 704 1112 762 oculis

95 795 158 852 tuis
180 794 297 871 ingeret
319 810 458 850 numerus
481 791 652 850 occisorum.
681 793 712 849 et
733 791 857 850 dicendo
881 787 1112 870 ‘quinquaginta

97 878 227 941 animae'
256 901 286 940 se
315 900 432 956 quoque
462 881 585 956 optima·
599 881 712 938 uirtute
735 880 834 938 iunxit
856 881 967 940 occisis.
1057 900 1111 941 vo-

95 989 216 1031 candus
241 971 326 1046 quasi
349 971 427 1028 eirca
450 988 504 1028 ora
526 972 579 1027 tua
601 969 748 1029 uolabunt
766 971 797 1027 et
814 969 951 1046 ingerent
969 988 999 1028 se
1018 971 1112 1030 oculis

95 1061 164 1120 tuis.
210 1060 358 1135 sapientes
385 1059 489 1118 dicunt
519 1058 690 1117 nocentium
722 1076 783 1116 esse
815 1077 935 1134 poenas,
968 1059 993 1117 si
1025 1079 1111 1134 quas-

59 1169 81 1207 1o
95 1151 167 1208 dam
193 1149 305 1226 figuras
332 1168 398 1208 curn
426 1147 569 1222 uiderint,
602 1147 737 1207 timeant.
782 1149 818 1205 ut
844 1146 989 1223 Virgilius
1016 1143 1110 1225 (Aen.

95 1239 139 1297 IV
155 1234 254 1316 386>z
278 1233 425 1296 ‘omnibus
443 1236 548 1294 umbra
566 1236 640 1294 locis
659 1231 769 1311 adero',
784 1238 814 1294 et
826 1238 862 1294 ut
875 1236 1044 1295 ostenderet
1056 1238 1111 1294 hoc

97 1328 309 1387 sceleratorum
341 1344 403 1384 esse
435 1325 631 1400 supplicium,
665 1325 789 1383 adiecit:
825 1319 938 1400 ‘dabis‚
970 1324 1111 1401 improbe,

97 1411 231 1493 poenas'.

168 1509 185 1565 7
190 1507 207 1564 9
232 1524 272 1562 ar
299 1522 361 1563 uon
388 1521 572 1562 cvucrnros
599 1521 698 1568 nuum
726 1503 777 1578 qui
801 1503 915 1561 iniusta
937 1503 1037 1562 omnia
1059 1523 1111 1579 po-

61 1611 86 1652 15
98 1597 181 1653 terat
204 1595 266 1652 sine
290 1592 475 1651 dubitatione
499 1593 655 1668 complere.

168 1684 208 1742 81
238 1699 440 1742 rnorvnanna
471 1702 508 1739 ne
541 1681 759 1758 conuiciaretnr
789 1681 854 1757 regi
886 1683 939 1738 aut
971 1701 1000 1739 se
1032 1685 1111 1740 certe

97 1774 177 1831 iuste
201 1773 375 1847 percuteret.

167 1863 208 1921 82
246 1879 285 1918 nn
317 1877 396 1919 nvnc
430 1876 539 1919 ravum
572 1877 634 1918 can
666 1877 802 1917 urcium
837 1859 921 1933 quasi
952 1860 1111 1933 utrumque

98 1952 259 2028 aspiciens,
287 1949 359 2025 quid
385 1952 463 2009 esset
490 1947 682 2027 fugiendnm,'
712 1947 783 2024 quid
810 1947 925 2007 dulcius
952 1947 1112 2023 uideretur,

63 2062 86 2101 ro
99 2041 214 2099 ferrum
237 2041 290 2098 aut
312 2041 464 2115 tyrannus.

154 2131 213 2189 Ι84
239 2146 411 2185 mesmes
438 2145 541 2185 urnac
569 2144 713 2186 rucromi
745 2126 778 2185 id
808 2129 854 2185 est
886 2145 961 2201 quae
995 2126 1112 2201 Tydeus

98 2218 247 2277 noluisset
274 2217 414 2275 occidere.
463 2216 608 2292 Virgilius
636 2210 730 2293 <Aen
753 2216 780 2273 X
804 2211 902 2294 430>:
930 2210 973 2273 ‘et
998 2234 1066 2291 uos,
1094 2235 1111 2273 o

99 2306 190 2366 Grais
213 2306 373 2381 imperdita
395 2323 528 2381 corpora,
552 2299 677 2363 Teucri’.

169 2396 211 2456 85
234 2412 356 2453 neaera
378 2412 459 2452 rara
481 2394 513 2452 in
535 2394 650 2470 proelio
673 2394 764 2468 paulo
787 2396 856 2453 ante
880 2393 982 2451 dilata.

60 2505 85 2545 ae
170 2486 210 2544 87
236 2503 275 2541 ru
299 2500 425 2542 svrums
447 2500 623 2547 nasrmovn
648 2482 765 2557 eclipsis
787 2482 890 2560 figura.
929 2482 1011 2539 deest
1033 2482 1112 2540 enim

99 2568 249 2648 ‘relinquo
272 2566 473 2648 puniendum'.
503 2572 588 2647 quasi
610 2571 736 2629 festinus
757 2572 788 2629 iu
806 2572 928 2629 uulnere
947 2570 1111 2630 orationem

174 2926 187 2972 1
205 2922 255 2973 aut
268 2920 312 2973 ius
325 2918 476 2991 legationis
490 2936 541 2975 om.
556 2926 576 2972 L
593 2918 729 2989 {pietatis
746 2918 809 2971 iura
823 2924 843 2970 L
856 2919 865 2988 ΙΙ
879 2923 895 2970 3
913 2917 960 2971 hic
979 2936 1028 2973 om.
1047 2925 1084 2972 ΡΙ)
1105 2920 1110 2993 1

97 2990 244 3062 significat
261 3009 311 3045 om.
330 2995 367 3043 ΡΙ)
390 2992 399 3060 ΙΙ
421 2989 592 3045 tindicium
610 2995 638 3041 1
655 2992 665 3059 ΙΙ
683 2995 699 3043 5
719 3007 744 3049 o.
763 3007 788 3043 n.
808 3007 858 3044 om.
877 2994 922 3041 tr
940 2992 949 3060 ΙΙ
968 2996 984 3044 6
1002 2990 1114 3062 ingeret

148 3061 238 3115 oeulis
248 3061 305 3115 tuis
315 3079 364 3117 orn.
379 3066 416 3114 ΡΙ)
431 3064 440 3131 ΙΙ
455 3067 469 3115 Ι
485 3060 610 3144 animose
619 3078 649 3115 se
663 3066 684 3113 L
697 3063 706 3130 ΙΙ
721 3066 737 3113 9
750 3064 954 3115 nocentumLP
967 3063 1024 3187 Ψ
1038 3063 1112 3145 unde

94 3140 163 3187 Ll’a
189 3135 199 3203 ΙΙ
227 3139 259 3186 11
279 3133 331 3187 hec
348 3139 386 3186 Pa
413 3135 423 3202 ΙΙ
451 3132 667 3203 121nprobel’a
693 3135 702 3201 l
731 3138 863 3191 limovr
935 3133 973 3186 du
993 3136 1112 3188 1tat10ne

95 3223 147 3261 cm.
170 3208 207 3257 ΡΙ)
229 3206 232 3273 Ι
253 3204 320 3272 quia
338 3210 358 3256 1.
376 3207 385 3274 ΙΙ
405 3209 437 3257 15
457 3208 501 3258 est
518 3203 657 3273 complere
676 3209 713 3255 Pb
732 3206 741 3273 ΙΙ
760 3209 793 3257 16
812 3210 1020 3257 emmnemaL
1050 3220 1112 3273 per-

94 3277 232 3331 turbatus
247 3279 283 3327 ΡΙ)
300 3278 305 3346 Ι
321 3274 446 3329 conuitia
463 3276 570 3329 faceret
587 3274 617 3328 in
635 3291 731 3345 regem
749 3280 769 3326 1.
790 3277 794 3344 Ι
815 3292 909 3344 regem
927 3282 964 3328 Pe
991 3293 1060 3329 corr.
1078 3292 1113 3328 ex

94 3346 225 3488 {itti
238 3346 528 3488 sitistis?
541 3348 671 3487 'list
684 3347 935 3487 dilictis
949 3351 986 3468 ²3
998 3348 1113 3487 'llil

95 3497 130 3545 23
151 3488 217 3561 grai
235 3437 297 3560 Phil
310 3488 451 3560 imperdita
469 3494 496 3542 Η
513 3436 648 3558 liotore
665 3493 702 3541 ΡΙ)
719 3488 875 3557 {Teucrum
892 3460 982 3557 linat
996 3485 1112 3555 Ellipsis

93 3568 116 3616 1.
150 3560 252 3631 eclipsi
271 3565 307 3613 ΡΙ)
324 3562 328 3631 Ι
345 3561 436 3631 deest]
455 3562 498 3613 est
515 3565 551 3612 ΡΙ)
