2575 3900
169 930 185 985 1
215 944 481 992 ronumanrmovn
509 946 644 987 rourum
671 945 850 986 Paocnmnu
878 947 943 986 cum
974 928 1268 1003 Iuppitermapno

97 1019 221 1090 cuperet
244 1016 400 1075 Thetidem
422 1035 475 1075 suo
499 1017 636 1094 coniugio
661 1017 785 1090 sociare,
808 1018 968 1075 uetuerunt
990 1017 1108 1075 decreta

98 1105 268 1164 Parcarum.
303 1124 378 1180 quae
402 1105 539 1164 dixerunt
561 1107 688 1182 prolem,
713 1125 787 1181 quae
811 1107 883 1164 nata
906 1106 1023 1181 fuisset,
1046 1106 1109 1164 uim

98 1194 182 1252 caelo
205 1194 365 1269 impellere.
402 1195 469 1254 ideo
493 1195 536 1253 ait
559 1196 800 1254 formidatam.

69 1296 83 1335 s
167 1285 186 1341 3
211 1301 275 1341 vnu
297 1283 431 1342 Achillis.
658 1273 660 1276 ¹

166 1374 186 1429 4
209 1390 348 1431 unnomo
370 1373 536 1432 Homerico.

167 1462 185 1518 5
211 1478 309 1520 sorno
332 1461 439 1537 insula,
462 1462 512 1520 ubi
535 1462 668 1521 Achilles
690 1461 749 1519 fuit
772 1461 968 1520 absconditus.

167 1551 185 1608 6
210 1568 360 1609 nvmcnm
387 1549 507 1610 Graeca.
608 1568 771 1609 raornmm
798 1551 957 1626 publicare.
1047 1567 1107 1610 unc

97 1656 130 1696 m
152 1656 296 1698 nnoroan
320 1657 441 1698 cancro
461 1657 587 1698 mannan
610 1643 717 1700 tacere.
748 1640 895 1698 Homerus
919 1639 997 1697 enim
1014 1657 1108 1715 usque

57 1741 84 1780 ro
99 1728 138 1785 ad
169 1719 304 1809 morltem
331 1728 468 1787 Hectoris
496 1729 652 1804 descripsit
683 1729 794 1787 Iliados
823 1732 854 1786 et
879 1729 982 1786 tacuit.
1028 1729 1267 1794 undecimam

99 1817 247 1891 superius:
279 1812 381 1876 ‘cantu
413 1817 562 1892 Maeonio,
595 1819 646 1876 sed
678 1819 765 1894 plura
796 1812 925 1876 uacant’.
967 1817 1044 1875 unde
1077 1819 1108 1875 et

98 1905 244 1984 Virgilius
266 1901 360 1985 (Aen.
379 1907 395 1965 1
418 1902 518 1985 456>2
542 1902 637 1966 ‘uidet
659 1908 767 1966 Hiacas
791 1927 827 1966 ex
853 1906 955 1965 ordine
978 1901 1106 1983 pugnas'

99 1996 129 2053 id
152 1999 211 2054 est:
234 2016 294 2056 non
316 1997 466 2072 usquead
489 1999 616 2055 mortem
637 1997 784 2071 Hectoris,
808 1997 859 2055 sed
881 2015 973 2071 usque
998 1996 1036 2053 ad
1059 2016 1108 2053 ex-

98 2085 208 2143 cidium
240 2086 347 2144 Troiae
378 2086 482 2161 pictas.
515 2105 616 2162 pugna
649 2086 726 2144 enim
758 2086 940 2160 Amazonas,
969 2102 1044 2160 quae
1075 2085 1109 2143 in

59 2184 85 2224 15
99 2174 242 2233 auxilium
265 2175 376 2233 Priami
399 2175 490 2251 uenit,
514 2178 584 2249 post
605 2176 776 2233 defunctum
799 2175 957 2233 Hectorem
982 2174 1048 2234 fuit.

168 2267 185 2322 7
209 2281 374 2324 unnvcsan
398 2264 567 2323 describere.

166 2353 185 2409 8
209 2370 250 2411 rv
272 2371 359 2412 mono
382 2353 541 2413 inuocatio.

167 2444 207 2500 10
227 2459 344 2501 aomvrr
358 2442 651 2501 unuvsThcbanum.
674 2459 759 2500 mons
768 2442 847 2499 enim
856 2441 998 2500 Boeotiae
1009 2442 1107 2499 est—

99 2530 324 2606 cognominatus
352 2532 408 2590 hoc
435 2531 553 2589 nomine
577 2532 622 2589 est
645 2531 683 2588 ab
705 2532 804 2605 Aona,
827 2531 888 2588 fiho
911 2530 1045 2605 Neptuni
1064 2563 1108 2570 —

60 2631 86 2670 ao
99 2619 191 2677 Musis
214 2622 409 2679 consecratus.

167 2710 207 2765 12
240 2726 392 2768 nmchnvs
416 2709 580 2767 Thebanus.
617 2709 705 2768 Dirce
729 2708 808 2766 enim
835 2707 939 2783 regina
961 2707 1033 2782 fuit,
1056 2726 1108 2766 no-

98 2815 185 2855 uerca
209 2798 294 2855 Zethi
317 2800 347 2855 et
369 2798 554 2872 Amphionis.
588 2817 678 2873 quam
701 2799 824 2873 propter
840 2796 981 2854 iniuriam
1003 2796 1108 2853 matris

98 2886 243 2961 Antiopes
269 2886 401 2962 priuigni
424 2887 533 2945 Zethus
556 2891 586 2945 ct
608 2888 759 2961 Amphion
782 2886 985 2962 religauerunt
1013 2885 1109 2943 tauris

98 2974 244 3033 ferocibus
275 2980 305 3032 et
331 2974 375 3033 ita
402 2977 564 3034 traxerunt.
603 2995 679 3052 quae
706 2976 908 3033 misericordia
931 2975 1053 3032 deorum
1076 2974 1108 3031 in

61 3074 87 3114 2⁵
100 3063 211 3122 fontem
234 3067 351 3146 mutata
375 3066 428 3139 est,
452 3064 503 3140 qui
525 3064 629 3124 Dirces
652 3065 831 3124 nominatur.

168 3258 184 3305 2
209 3251 347 3307 Thestiden
369 3258 422 3305 Η
448 3256 458 3323 11
485 3259 501 3306 3
526 3253 654 3307 dixerant
677 3258 697 3304 1.
723 3254 733 3321 11
761 3258 775 3305 7
800 3270 902 3305 scnrso
925 3253 1001 3319 ml)
1026 3249 1107 3375 {Vah

100 3339 213 3377 sconsus
232 3325 281 3393 llll
297 3329 329 3377 10
348 3324 456 3378 cliados
475 3329 502 3378 Π
520 3327 529 3395 11
551 3330 582 3377 11
602 3325 706 3377 uocant
723 3327 750 3376 Π
771 3323 820 3395 let
838 3340 888 3378 om.
907 3329 927 3376 1.
945 3321 956 3395 11
974 3327 1007 3374 12
1052 3320 1108 3375 idit

100 3396 128 3448 et
144 3400 164 3447 1.
182 3397 239 3464 1113
262 3401 439 3463 nusquamL
465 3397 475 3465 11
504 3403 537 3450 14
565 3396 713 3465 'pretash
740 3394 835 3449 Pietas
854 3400 881 3446 Ι
905 3397 909 3459 1
929 3394 1108 3449 AmaroneI.

100 3468 293 3535 amatonellss
308 3472 340 3519 19
359 3466 412 3521 hoc
425 3470 564 3521 nome!
582 3466 629 3521 hic
643 3483 709 3521 uero
724 3468 768 3521 est
786 3469 828 3534 hl}
843 3472 877 3519 20
895 3464 984 3521 Musis
999 3463 1108 3537 ωη.ῐ.11

99 3542 131 3588 21
151 3536 247 3591 Dirces
265 3540 339 3607 ΠΙΙ
362 3544 395 3591 22
414 3545 509 3608 quaI·
