2575 3900
199 184 265 247 406
422 182 711 239 COMMENTARIVS
730 183 770 237 IN
787 184 926 239 LIBRVH
944 183 990 237 lX.

268 334 328 391 751
354 351 517 399 vvarvovu
544 350 699 393 occvumr
730 334 801 409 quia
830 336 962 394 retentus
991 334 1113 393 uulnere
1144 338 1225 394 toto

199 441 259 482 non
281 422 383 496 potuit
404 440 526 498 corpore
550 422 707 481 subleuari.

268 512 329 569 753
358 528 495 571 acuovm
522 530 555 569 m
581 529 653 572 nac
686 512 718 570 id
750 514 807 570 est:
837 514 900 569 tam
929 511 1015 571 illum
1045 513 1223 588 spirantem

199 599 331 659 animam
354 618 444 675 quam
467 618 505 659 se.

267 690 329 747 755
355 706 478 748 amscrr
499 689 654 749 irascendo
677 689 709 747 in
731 690 828 748 maius
852 689 1028 748 accenditur.
1251 698 1263 738 ⁵

268 779 329 836 756
362 796 552 837 aversanum
579 796 644 837 r1c1
677 778 748 853 quia
775 779 835 854 hic,
864 779 969 853 quibus
1001 796 1101 837 recens
1130 798 1219 838 mors

200 869 252 942 est,
276 867 355 926 oculi
379 868 519 926 uidentur
541 886 647 925 errare.

267 958 329 1015 762
352 974 412 1015 nuc
437 974 569 1015 ocurras
594 974 736 1015 aursana
759 974 880 1017 vanarn
903 974 962 1015 non
981 956 1084 1015 ualent
1106 956 1217 1031 Tydeo

200 1048 291 1121 caput
313 1045 418 1103 tollere
440 1045 612 1121 Melanippi.

267 1135 330 1193 765
354 1151 476 1193 umas
500 1135 610 1193 scelera
634 1134 713 1191 enim
735 1134 801 1192 nisa
820 1136 873 1193 aut
890 1134 954 1211 igni
973 1137 1123 1209 antequa
1141 1147 1260 1209 pur-1⁰

199 1227 315 1301 gantur.

266 1314 328 1372 766
353 1329 460 1371 ausos
482 1313 590 1371 fluuius
613 1314 666 1370 est.

598 1541 810 1550 Ἢ.-

324 1769 702 1843 COMMENTARIVS
730 1771 784 1844 IN
812 1771 997 1845 LIBRVM
1025 1772 1084 1843 IX.

40 1930 105 1972 unu
118 1932 188 1978 naor
267 1915 398 1975 Eteoclis
421 1914 563 1974 allocutio
586 1915 736 1975 hortantis
760 1916 928 1992 exercitum,
951 1918 986 1975 ut
1008 1916 1129 1993 rapiant
1147 1936 1212 1976 cor·

197 2025 253 2083 pus
281 2005 382 2080 Tydei.
420 2005 542 2063 nuntius
568 2006 673 2063 mortis
702 2005 795 2080 Tydei
822 2007 861 2064 ad
889 2005 1053 2082 Polynicen
1082 2008 1113 2064 et
1146 2006 1211 2066 eius
1227 2020 1253 2060 1⁵

198 2094 375 2154 lamentatio
411 2094 460 2152 uel
497 2093 638 2152 allocutio
671 2093 927 2170 Hippomedontis.
974 2115 1028 2171 pro
1065 2095 1210 2154 cadauere

198 2183 294 2258 Tydei
317 2182 476 2240 dimicatio.
514 2182 606 2241 factio
625 2183 732 2243 Furiae
753 2184 914 2242 auertentis
937 2183 1210 2260 Hippomedontem

199 2291 217 2331 a
241 2271 410 2330 defensione
429 2271 590 2329 cadaueris.
627 2271 740 2330 ablatio
763 2273 856 2349 ipsius
875 2274 1036 2332 cadaueris
1067 2273 1208 2333 allocutio

198 2359 448 2438 Hippomedontis
476 2360 515 2417 ad
541 2380 651 2436 equum
674 2361 767 2436 Tydei
791 2365 821 2420 et
844 2362 906 2420 eius
933 2381 1051 2440 pugnae
1075 2363 1208 2421 diuersae

198 2451 231 2509 in
253 2451 369 2509 Ismeno
393 2448 520 2506 flumine.
558 2450 641 2509 cuius
665 2468 730 2508 cum
754 2453 891 2526 nepotem
910 2451 1067 2510 occidisset
1089 2452 1206 2510 nomine
1222 2463 1247 2504 rc

199 2539 376 2616 (irenaeum,
407 2540 503 2596 matre
534 2538 718 2597 lamentante
752 2541 782 2597 et
813 2543 1009 2614 conquerente
1045 2543 1208 2600 commotus

198 2629 307 2688 fluuius
330 2627 430 2703 coepit
452 2629 556 2686 contra
578 2627 850 2704 Hippomedontem
863 2628 958 2688 undas
972 2649 1099 2688 mouere.
1129 2647 1207 2687 mors

200 2719 269 2793 equi
296 2718 398 2793 Tydei.
435 2717 569 2792 pedestre
597 2719 747 2776 certamen
773 2717 1022 2793 Hippomedontis
1049 2717 1082 2775 in
1108 2717 1205 2775 fluuio.

199 3013 202 3019 -
271 2981 287 3028 3
309 2976 540 3046 Agnouimusl'a
562 2974 786 3044 7155555151.
807 2979 810 3042 7
834 2975 1045 3046 expirantemL
1068 2973 1205 3045 7756115-

199 3049 268 3102 'cunt
285 3052 322 3099 Pb
337 3048 346 3116 77
360 3053 376 3100 6
395 3046 456 3116 fugi
473 3053 512 3100 Pa
529 3045 604 3116 fligit
621 3051 659 3099 Pb
676 3049 680 3114 7
695 3063 769 3100 mors
784 3062 879 3101 recens
897 3053 917 3099 L
935 3063 1031 3101 recens
1049 3046 1128 3116 uirgo
1148 3053 1183 3098 Pe

198 3114 215 3172 7
236 3116 324 3173 oculis
342 3119 396 3187 117
419 3117 713 3187 9tollerecaput1’b
733 3119 795 3187 7710
814 3117 1179 3188 55155555Ρ5715555ΡΙ)

197 3196 234 3244 -12
257 3207 356 3243 aarsos
382 3194 402 3241 L
434 3190 445 3258 77
489 3188 613 3260 Explicit
641 3187 714 3242 liber
738 3188 810 3244 vm.
849 3187 952 3260 Incipit
976 3189 1047 3243 libor
1071 3189 1117 3243 IX.
1143 3196 1179 3241 Pa

201 3268 235 3316 14
252 3259 347 3330 rapiat
365 3261 473 3329 167715
492 3261 530 3314 ad
548 3278 598 3316 om.
612 3266 651 3312 Pa
667 3259 671 3331 7
686 3259 818 3330 pollinice
837 3265 905 3313 ΜΗ)
919 3262 929 3330 77
952 3266 984 3314 17
1005 3259 1135 3315 emicatio
1153 3266 1179 3314 11

197 3332 457 3404 Hippomedontem
475 3375 482 3386 .
498 3373 504 3386 .
521 3375 526 3386 .
546 3331 680 3386 allocutio
700 3349 750 3387 om.
770 3337 807 3384 Pa
829 3335 839 3402 77
862 3336 894 3386 18
919 3330 955 3385 ad
974 3330 1135 3387 defensione
1154 3338 1179 3386 Ι

200 3402 314 3458 Oblatio
333 3409 353 3456 L
375 3405 385 3473 77
409 3409 441 3456 19
460 3419 544 3470 equm
562 3408 598 3455 Pb
619 3404 623 3471 7
643 3404 676 3456 55
693 3408 732 3455 Pa
754 3405 763 3472 7
787 3409 820 3457 20
839 3403 971 3457 Hismeno
989 3405 1055 3472 LPl
1076 3420 1139 3458 cum
1155 3421 1202 3459 om.

200 3477 228 3526 Π
245 3477 255 3543 77
273 3481 305 3528 21
326 3490 455 3528 creueum
473 3480 493 3525 Ρ
513 3475 517 3541 7
538 3472 691 3528 lamentata
710 3479 748 3526 Pa
771 3491 838 3530 corr.
857 3476 889 3528 ia
912 3473 1079 3528 lacrimante
1096 3480 1123 3527 Π
1143 3476 1146 3542 7
1167 3477 1204 3543 (ct

201 3548 262 3612 cm.)
280 3560 314 3598 55
333 3549 466 3613 querente
484 3550 504 3596 Ρ
521 3544 525 3615 7
542 3546 685 3598 conmotus
705 3549 742 3596 ra
