2575 3900
313 180 602 236 COMMENTARIVS
620 180 660 235 IN
678 180 817 236 LIBRVM
835 180 882 237 Vl.
1037 178 1102 244 329

160 334 221 392 661
248 325 344 415 (683)
363 349 492 392 6666666
510 350 543 389 ns
560 349 726 391 66666666
743 332 776 389 id
796 331 891 391 estin
909 329 1108 404 altitudinem,

94 440 169 499 quae
197 422 369 481 ascendenti
396 422 523 480 aduersa
550 422 596 479 est
623 420 717 495 disce,
750 422 821 496 quia
848 438 965 480 necesse
993 422 1046 497 est,
1072 421 1108 477 ut

95 529 196 571 omnes
214 512 405 571 ascendentes
422 529 471 569 res
489 509 658 568 altitudinis
676 509 830 568 nimietate
848 511 1021 569 lentescant.

94 617 274 660 nxnnvsrvs
293 617 333 658 66
352 618 433 659 anuo
458 600 491 658 id
516 601 562 657 est
583 601 759 674 consumpto
782 599 905 674 impetu,
924 618 982 674 quo
1000 598 1107 657 missus

67 690 202 748 5166666.

159 780 222 838 661
247 769 341 859 (684)
364 794 560 836 6666666666
581 792 672 835 naris
696 776 731 834 de
754 776 903 853 grauitate
928 793 1012 834 casus
1036 774 1107 833 6161-

92 867 205 926 tudinis
225 862 230 946 Ι
250 886 388 925 mensura
410 867 601 925 monstratur.
1116 875 1266 925 ananiae

161 958 224 1016 664
245 948 341 1038 (686)
361 972 447 1015 66666
467 971 569 1014 onnon
587 971 688 1013 sonos
705 953 748 1012 sio
762 953 818 1012 sibi
831 953 938 1011 166666
954 953 1108 1011 hominum

93 1047 124 1103 et
150 1046 244 1103 666166
271 1045 423 1121 persuasio
447 1043 594 1118 uindicat,
621 1043 702 1118 quod
725 1042 904 1101 carminibus
927 1041 1009 1100 66616
1035 1042 1107 1099 luna

52 1150 79 1188 16
93 1133 245 1209 eripiatur.
300 1153 390 1210 quam
427 1133 597 1208 opinionem
627 1131 773 1209 Virgilius
806 1133 923 1191 secutus
955 1130 999 1188 616
1030 1124 1108 1207 (ecl.

92 1223 167 1281 VH]
187 1219 263 1301 69>z
286 1217 430 1282 ‘carmina
452 1223 502 1280 uel
524 1221 607 1280 eaelo
629 1223 755 1296 possunt
777 1220 919 1279 deducere
937 1214 1052 1279 lunam'
1078 1221 1109 1276 et

93 1312 166 1370 alibi
197 1307 318 1390 (georg.
341 1311 388 1369 HI
412 1305 551 1389 39166.)
581 1310 731 1387 significat
762 1328 828 1367 eam
859 1310 1012 1367 inductam
1044 1326 1107 1366 esse

92 1400 253 1459 uelleribus
280 1400 417 1460 dicendo:
450 1395 581 1458 ‘munere
614 1399 655 1457 sic
683 1399 770 1456 niueo
802 1398 902 1473 lanae,
935 1398 960 1455 si
990 1396 1107 1456 credere

94 1490 217 1567 dignum
239 1492 293 1565 est,
315 1489 381 1548 Pan
399 1489 471 1547 deus
488 1487 635 1547 Arcadiae
657 1490 776 1562 captam
798 1489 837 1564 te,
860 1487 954 1562 Luna,
977 1480 1107 1563 fefellit',
1140 1506 1150 1515 ’

1 1577 2 1582 ’
55 1580 119 1637 issi
147 1579 226 1637 credi
252 1579 299 1637 fas
325 1581 371 1637 est
397 1579 433 1636 de
461 1578 540 1635 tanti
566 1577 695 1635 numinis
722 1575 879 1634 maiestate
909 1577 948 1634 ad
975 1594 1108 1633 amorem

94 1668 290 1743 Endymionis
306 1667 497 1742 descendisse,
516 1667 596 1742 quod
613 1666 662 1724 lex
680 1666 822 1740 sphaerae
841 1667 872 1723 66
890 1682 991 1724 cursus
1010 1667 1105 1723 astro-

1 1807 2 1814 ,
93 1776 161 1815 rum
189 1760 345 1832 motusque
374 1774 434 1814 non
463 1755 585 1832 patitur.
697 1771 818 1814 Paocvn
841 1767 1041 1813 Avxrnmnrrn
1070 1753 1130 1810 ad.

94 1846 265 1921 opinionem
294 1845 448 1905 hominum
478 1844 608 1918 rettulit,
640 1843 720 1918 quod
752 1842 933 1901 arbitrentur
965 1841 1104 1899 auxiliari

94 1936 183 1994 lunae
206 1934 362 2011 deficienti,
385 1934 410 1993 si
433 1953 503 1992 aera
525 1932 702 2010 percutiant.
807 1953 810 1961 ·

55 2039 81 2079 ²⁰
163 2028 224 2084 667
252 2017 345 2107 (689)
363 2042 468 2083 nonan
487 2041 599 2082 666666
622 2021 804 2096 despicienti,
828 2020 1035 2080 contemnenti.
1072 2019 1105 2077 id

95 2116 153 2172 est:
177 2113 262 2188 quasi
285 2132 352 2172 cum
374 2113 462 2172 facile
485 2113 563 2170 esset
584 2110 750 2188 Phlegyam
771 2111 854 2169 iactu
877 2128 1023 2184 superare.

163 2203 226 2262 668
250 2194 344 2283 (690)
362 2219 522 2266 66666666
540 2217 642 2259 166666
662 2216 820 2258 suasanus
838 2217 870 2258 ru
888 2216 991 2264 nuovo
1010 2199 1042 2256 id
1060 2200 1106 2256 est

93 2291 207 2349 maiore
233 2291 345 2350 uirtute
373 2308 447 2364 opus
474 2307 536 2348 esse
563 2290 595 2346 in
621 2287 839 2366 longitudinem
866 2306 956 2363 quam
980 2287 1011 2344 in
1035 2287 1104 2346 alti·
1162 2331 1164 2334 -

95 2380 233 2438 tudinem
255 2380 430 2438 iaculaturo.
460 2405 463 2410 ⁴

55 2483 81 2523 25
165 2471 227 2528 669
261 2461 355 2550 (691)
387 2485 490 2532 nuova
521 2484 585 2524 rnnr
617 2484 781 2526 66666666
815 2466 901 2525 ordo:
939 2467 1029 2539 atque
1065 2463 1113 2521 illi

97 2557 197 2616 subito
223 2558 308 2616 uenit
333 2557 480 2630 Fortuna,
508 2555 555 2613 661
583 2554 667 2613 dulce
696 2558 741 2614 est
767 2555 907 2613 fiduciam
933 2553 1110 2612 immodicae

96 2646 221 2704 uirtutis
244 2647 367 2704 auferre.

98 2769 313 2776 ...-..---...-.-

171 2838 187 2885 1
207 2831 370 2887 6666666661
389 2874 395 2886 .
411 2874 417 2886 .
434 2874 440 2885 .
459 2829 607 2884 nimietate
625 2846 676 2883 om.
696 2834 733 2884 96
749 2831 753 2898 Ι
770 2828 888 2882 aduerso
908 2829 968 2896 (om.
989 2830 1042 2898 666)
1060 2833 1088 2880 11
1106 2827 1111 2900 )

99 2909 116 2958 3
135 2919 181 2958 666
200 2904 514 2972 66666666666191114
530 2901 641 2970 sumpto
656 2905 692 2953 91
707 2902 746 2970 (6
764 2897 932 2980 inmergitur
945 2903 973 2950 11
986 2900 1025 2969 (8
1045 2899 1099 2953 eibi

100 2975 191 3044 igitur
208 2980 245 3027 Pb
262 2977 266 3045 Ι
282 2973 394 3030 1666616
411 2976 484 3043 9119
503 2973 600 3027 lunam
618 2970 696 3026 eaelo
715 2973 758 3041 1(
773 2976 806 3025 10
825 2969 980 3040 66616661
1011 2969 1114 3041 eripiat

99 3052 139 3100 96
155 3049 160 3115 l
176 3048 308 3100 executus
321 3045 399 3115 Virg.
414 3046 457 3115 11(
472 3050 504 3098 11
524 3043 669 3098 carminib.
688 3049 757 3097 cerr.
772 3045 804 3096 16
823 3040 988 3096 carminuli
1003 3046 1007 3108 Ι
1022 3041 1114 3112 possit

99 3123 138 3171 91
152 3119 162 3187 (Ι
178 3122 210 3170 11
230 3116 403 3187 significauit
420 3117 528 3185 Plinio
546 3114 725 3168 maiestatem
743 3118 780 3166 Pb
794 3115 803 3183 (Ι
819 3119 851 3167 16
870 3111 1052 3167 dindimionis
1076 3118 1113 3165 96

100 3187 267 3242 dindirnoris
285 3205 419 3258 superam.
437 3190 451 3239 1
470 3184 651 3240 dindimionis
669 3189 696 3235 11
713 3187 716 3254 (
733 3183 915 3253 Endymionis
935 3227 941 3239 .
958 3227 964 3237 .
980 3227 986 3237 .
1005 3183 1113 3253 opinio-

98 3277 165 3314 nem
183 3276 233 3315 om.
252 3264 288 3311 Pb
309 3261 319 3328 (
341 3264 373 3312 17
392 3259 541 3326 motusque
562 3259 700 3311 astrorum
719 3260 739 3307 1
759 3258 768 3326 Ι(
791 3261 824 3310 18
842 3273 862 3323 c
879 3272 1011 3326 saperem.
1030 3254 1041 3307 i
1059 3259 1086 3306 11
1106 3253 1111 3326 (

100 3330 275 3385 arbitrantur
288 3335 326 3383 96
352 3329 503 3400 opinantur
516 3333 553 3381 Pb
580 3327 751 3381 arbitrentur
769 3328 1045 3396 superarcanum
1065 3324 1112 3378 de·

97 3401 206 3457 ficienti
224 3400 309 3455 lunae
328 3399 459 3455 auxiliari
473 3404 493 3451 1
507 3401 516 3469 (Ι
530 3405 564 3452 10
583 3400 760 3453 contemnere
774 3403 794 3451 9
808 3400 817 3468 (Ι
831 3404 863 3452 11
881 3396 1006 3466 Phlegea
1019 3400 1114 3449 11196

99 3474 189 3543 flagra
207 3472 359 3543 91161666
376 3476 404 3523 11
421 3474 431 3540 ΙΙ
449 3476 483 3523 13
502 3487 588 3538 quum
605 3470 636 3522 in
656 3468 834 3523 altitudinem
853 3469 1026 3537 6116961116
1045 3466 1113 3521 ordo

101 3547 188 3613 atque
206 3542 262 3615 illi]
281 3543 311 3596 id
330 3545 373 3598 est
391 3544 523 3612 1961116
542 3542 657 3596 fortuna
675 3540 755 3595 uenit
772 3538 968 3612 1116666166
987 3543 1014 3590 11
