2575 3900
342 230 631 288 COMMENTARIVS
651 232 691 287 IN
708 232 848 288 LIBRVM
866 234 899 289 V.
1061 234 1126 298 287
1170 274 1173 279 ·

185 385 250 443 446
278 400 374 444 asera
401 401 474 442 nuso
501 384 590 460 luno,
616 383 729 460 inquit,
756 384 859 443 iniecit
886 384 970 443 nobis
997 386 1129 443 mentem

3 531 4 534 ,
116 472 286 550 benignam,
306 472 377 548 quia
390 472 574 550 Argonautis
591 473 715 532 fauebat
728 476 850 549 propter
867 473 1003 533 Iasonem
1019 504 1060 515 -
1076 474 1129 548 qui

118 580 185 619 eam
202 562 327 620 fluuium
344 562 547 636 transiecerat,
571 580 638 621 cum
657 580 686 621 se
705 562 760 621 illa
778 563 897 621 inanem
915 562 1070 621 simularet
1085 594 1128 603 -·-

117 654 278 709 uteorum
300 649 519 725 cupientissime
542 651 685 710 thalamis
707 652 904 729 iungeremur.
940 654 972 710 et
993 652 1059 711 ideo
1078 651 1128 711 hic

90 739 261 801 slunonem
278 739 360 798 uiros
377 739 490 799 nitidos
509 735 514 819 1
535 740 663 799 effecisse
682 739 835 799 subiunxit
850 742 886 798 ut
903 740 1024 816 nuptiis.
1057 760 1127 799 nam
1137 751 1237 801 arnas.
1263 761 1268 784 2

119 828 276 903 adulterio,
299 828 324 886 si
346 829 402 887 hoc
424 828 526 887 Venus
549 828 686 904 efficeret,
709 829 898 905 placuissent.

185 918 249 978 453
272 927 378 977 servir
399 934 590 976 nxcvssamn
609 934 729 977 curan
752 918 849 975 fatum
871 919 990 976 nostrae
1013 918 1148 995 culpas,-

117 1005 198 1081 quod
229 1005 311 1064 uiros
343 1006 549 1065 occideremus.
597 1007 707 1065 minuit
737 1025 808 1084 ergo
836 1007 946 1065 amoris
973 1006 1128 1083 inuidiam,

118 1112 186 1153 cum
213 1093 287 1153 dicit
313 1095 426 1171 culpae.
471 1098 507 1153 ut
528 1094 675 1173 Virgilius
697 1089 940 1174 <Aen.1v19>:
968 1090 1048 1155 ‘huic
1074 1096 1128 1154 uni

72 1206 104 1246 ιο
118 1184 219 1242 forsan
242 1184 328 1259 potui
351 1184 537 1243 succumbere
560 1180 686 1261 culpae'.

185 1273 248 1332 456
272 1290 413 1332 aanunvs
435 1290 528 1333 resen
550 1273 742 1332 subaudimus
761 1268 856 1332 ‘erat'.
892 1274 981 1333 lason
999 1273 1128 1332 blandus

117 1361 188 1419 dare
211 1361 311 1420 uincla
328 1362 495 1439 uirginibus
513 1363 608 1441 nouis,
626 1362 658 1420 id
677 1365 735 1421 est:
759 1363 810 1438 qui
829 1362 934 1421 solitus
953 1363 993 1421 sit
1009 1364 1127 1421 mutare

118 1449 265 1528 coniugia.
311 1450 359 1509 cui
386 1469 448 1510 sese
471 1452 576 1526 postea
598 1450 715 1510 addixit
737 1451 853 1526 Medea,
880 1451 971 1511 tertio
994 1450 1127 1511 Glaucen

116 1540 167 1598 uel
189 1558 310 1598 uxorem
332 1540 438 1598 habuit
459 1540 508 1598 uel
531 1539 652 1599 dimisit

72 1648 102 1688 rs
184 1629 248 1688 458
272 1646 385 1687 sensns
406 1629 527 1704 fluuius,
555 1648 643 1705 quem
665 1629 733 1688 ideo
757 1630 910 1687 cruentum
933 1629 1018 1705 dicit,
1047 1628 1128 1705 quod

114 1736 169 1793 per
197 1737 264 1776 eum
290 1716 395 1776 Medea
421 1720 539 1794 patrem
569 1719 687 1797 fugiens
718 1718 923 1793 insequentem
953 1718 1128 1794 interempti

115 1806 219 1864 fratris
255 1806 364 1865 dicitur
394 1807 527 1865 membra
557 1808 692 1867 iactasse.
748 1807 811 1866 siue
844 1807 953 1866 fluuius
986 1805 1126 1882 Scythiae

114 1894 221 1955 Phasis
235 1897 281 1955 est
294 1895 488 1956 barbarorum
502 1896 641 1956 caedibus
655 1898 794 1956 cruentus
808 1896 934 1955 assidue.
1011 1912 1127 1955 cenem

115 1985 224 2044 ciuitas
251 1986 349 2062 gentis
375 1986 513 2062 eiusdem,
537 1986 658 2044 Medeae
680 1986 788 2062 patria.
887 2003 979 2045 sares
1001 2002 1127 2044 monas

74 2074 188 2150 asquia
210 2077 280 2150 post
301 2074 489 2151 Hypsipylen
511 2075 647 2134 Medeam
670 2075 756 2134 duxit
777 2094 906 2134 uxorem.

181 2164 246 2222 462
269 2181 332 2223 uon
355 2181 501 2222 srnnarrs
523 2182 659 2224 ausurus
681 2165 759 2224 unde
780 2164 858 2222 enirn
877 2165 1031 2240 sperarent
1047 2161 1127 2222 filios

114 2252 224 2311 habere
246 2271 341 2329 posse,
365 2271 441 2328 quae
463 2253 545 2312 uiros
568 2271 670 2312 omnes
692 2250 881 2312 occiderant?

183 2343 247 2401 464
274 2360 390 2402 amaon
416 2342 510 2418 pario,
555 2343 632 2400 unde
661 2345 692 2401 et
719 2335 845 2400 ‘enixae'
870 2341 1020 2416 dicunhu,
1048 2358 1126 2415 quae

115 2432 266 2506 generant

187 2677 201 2724 1
221 2670 320 2726 infecit
337 2677 357 2723 Ρ
388 2669 458 2725 fecit
475 2677 495 2723 L
510 2673 515 2740 Ι
531 2673 653 2725 mentem
671 2687 721 2727 om.
736 2676 773 2724 ΡΙ)
787 2673 826 2742 l²
845 2685 899 2738 que
921 2675 960 2722 Pa
976 2670 979 2737 Ι
996 2666 1063 2736 quia
1081 2672 1102 2719 1.

114 2747 131 2795 3
149 2741 336 2798 transfecerat
353 2747 373 2793 Ρ
389 2744 393 2812 Ι
409 2740 440 2794 in
458 2758 543 2795 anum
561 2741 645 2795 illan
673 2741 724 2796 illa
741 2758 856 2796 manum
874 2747 894 2793 Ρ
910 2743 915 2811 Ι
930 2738 1102 2793 similaretl.

114 2819 132 2866 4
158 2811 320 2884 iungeretur
342 2817 435 2866 LMl’b
458 2815 468 2882 fl
489 2818 506 2866 Ι)
529 2811 629 2867 fecisse
652 2818 689 2866 ΡΙ)
715 2815 719 2883 Ι
744 2816 777 2868 nt
799 2810 907 2882 nuptiis
933 2810 1098 2882 placerent?
1118 2821 1120 2882 Ι

113 2890 152 2938 na
173 2889 201 2936 ΙΙ
235 2901 293 2939 non
315 2890 360 2937 Ll’
382 2886 392 2953 ΙΙ
415 2889 430 2938 6
456 2882 497 2938 sic
522 2889 558 2937 ΡΙ)
583 2886 588 2954 Ι
612 2883 787 2955 placuissent
813 2900 881 2938 corr.
910 2900 944 2938 aa
970 2880 1125 2954 placuisset

113 2962 249 3026 trampus.
264 2963 327 3011 uate
340 2960 414 3009 naht
427 2956 437 3026 ΙΙ
451 2960 466 3007 Ἰ
480 2955 598 3010 Factum
610 2960 648 3009 ΡΙ)
665 2959 669 3020 Ι
685 2953 899 3026 exuperabile?
926 2955 976 3010 del.
991 2970 1122 3024 superscr.

114 3026 275 3082 excusabile
297 3033 324 3080 1
348 3030 353 3097 Ι
377 3027 469 3081 fatum
488 3070 494 3081 .
511 3070 516 3080 .
532 3070 538 3082 .
557 3026 672 3097 culpae⁸
689 3043 739 3082 ora.
763 3031 800 3079 ΡΙ)
823 3028 832 3096 [Ι
855 3031 871 3078 9
889 3027 922 3079 ut
940 3070 946 3082 .
962 3069 990 3081 ..
1011 3025 1126 3095 cnlpae³

113 3114 163 3153 cm.
183 3104 221 3151 Pa
234 3100 244 3168 Ι
258 3105 290 3152 11
309 3116 389 3152 rasos
407 3115 458 3154 om.
472 3103 509 3150 ΡΙ)
525 3101 530 3168 Ι
546 3098 657 3154 subaud
674 3103 702 3150 ΙΙ
718 3100 722 3168 Ι
738 3100 799 3152 erat
817 3115 866 3152 cm.
881 3103 919 3150 Pa
932 3100 941 3168 ΙΙ
956 3103 989 3150 12
1009 3095 1125 3151 uincula

112 3173 134 3222 Ρ
150 3169 158 3251 j
178 3169 294 3224 solitum
312 3175 348 3223 ΡΙ)
369 3170 374 3242 l
394 3169 433 3223 sit
450 3187 499 3225 om.
519 3175 557 3222 Pa
578 3171 588 3240 l
612 3174 644 3222 13
668 3168 789 3240 coniuge
806 3173 844 3222 Pa
880 3167 1042 3239 coniugium
1060 3171 1096 3220 ΡΙ
1118 3167 1122 3238 Ι

113 3258 159 3294 cm
173 3250 222 3296 cra.
237 3246 274 3294 ΡΙ)
301 3243 362 3295 tum
375 3246 445 3293 ΙΙΡ),
460 3243 464 3308 1
480 3242 512 3294 t1'1
531 3257 592 3296 sese
610 3241 661 3296 del.
676 3246 703 3293 1
718 3241 723 3313 1
740 3239 850 3295 addixit
867 3257 917 3295 cm.
936 3244 988 3292 ΠΡ
1003 3243 1008 3310 l
1023 3238 1125 3292 medea

112 3317 183 3364 ΙΙΡ),
203 3314 207 3381 Ι
227 3311 330 3367 Medea
348 3356 354 3368 .
371 3356 376 3368 .
393 3356 398 3366 .
417 3329 467 3382 per
486 3328 550 3366 eum
567 3329 617 3368 cm.
636 3316 674 3365 Pb
693 3312 702 3393 j
724 3312 847 3384 copitaai
863 3313 896 3367 de
915 3311 1056 3366 scabendo
1074 3306 1125 3376 qui

111 3386 212 3453 postea
230 3384 368 3453 Medeam,
386 3383 471 3438 tertio
487 3427 493 3438 .
508 3426 538 3439 ..
559 3385 569 3453 Ι
588 3389 621 3438 16
639 3381 670 3436 fu
703 3399 752 3438 ens
770 3385 880 3452 patrem
898 3387 918 3434 Ι.
933 3384 937 3451 1
953 3379 1126 3447 interempta

111 3458 149 3507 Pa
171 3457 181 3524 ΙΙ
205 3461 238 3509 ΙΙ
257 3454 361 3509 dicitnr
382 3453 478 3508 fratris
496 3457 539 3525 ΙΙ
554 3459 586 3508 18
605 3400 725 3524 pedibhs
743 3459 795 3506 ΙΙΡ
808 3457 817 3524 ΙΙ
833 3459 865 3507 19
884 3448 1125 3575 εἱυεᾱοωέοῃὺὶε

110 3530 152 3595 1.]
167 3525 291 3596 patriam
308 3531 345 3580 Pb
363 3529 373 3596 [Ι
391 3531 426 3579 20
443 3525 544 3580 medea
561 3531 588 3578 ΙΙ
606 3527 616 3596 ΙΙ
634 3531 666 3579 21
692 3530 817 3595 speraret
834 3531 872 3577 Pa
885 3526 894 3594 ΙΙ
908 3530 941 3576 22
961 3539 1021 3577 eccs
1042 3521 1126 3576 erant

109 3615 179 3653 corr.
199 3615 233 3654 ec
251 3597 411 3654 acciderent
427 3599 478 3666 ΙΙΙΙ
492 3603 525 3652 23
544 3599 573 3651 et
590 3614 641 3653 cm.
661 3600 703 3668 ΙΙΙ
718 3603 752 3652 24
770 3598 887 3668 generat
904 3599 941 3648 ΡΙ
