2575 3900
347 235 637 290 COMMENTARIVS
655 233 696 288 IN
713 233 853 288 LIBRVM
871 234 891 289 I.
1077 297 1080 301 ¹
1107 233 1127 296 3

131 387 163 444 ad
186 387 326 446 Iunonem
353 388 515 447 consueuit.
562 387 613 462 qui
640 406 707 445 cum
734 388 865 446 uenisset
896 400 962 446 cum
994 387 1128 464 fulmine,

79 481 81 484 ’
130 475 230 534 Semele
249 476 393 534 sustinere
411 495 471 534 non
493 475 594 551 potuit
611 478 642 533 et
662 475 743 536 obiit.
779 476 916 553 Iuppiter
932 495 1004 535 uero
1023 480 1127 553 aperto

128 565 182 623 eius
202 565 385 624 uelocissime
408 568 493 624 utero
513 565 653 623 Liberum
675 567 792 640 patrem
815 568 919 641 aperto
942 566 1052 624 femore
1076 566 1127 624 ab·

128 653 224 712 didisse
242 654 359 730 dicitur,
378 656 413 712 ut
431 653 556 729 expletis
573 671 681 712 nouem
704 655 853 713 mensibus
875 655 1008 732 legitime
1027 673 1127 714 nasce-

106 745 205 801 creon.
296 760 348 802 cvi
372 758 541 802 svnnsniur
564 759 671 801 sacru
695 761 820 801 nerem
843 761 989 802 sensns
1016 743 1127 803 Leuco-

126 832 199 907 thea,
231 851 307 908 quae
340 834 371 890 et
397 832 464 907 Ino,
497 830 596 889 Liberi
628 831 724 906 patris
754 832 856 890 nutrix
887 832 977 891 fuisse
1010 832 1126 891 dicitur.

125 920 203 979 huius
230 921 338 979 marito
362 920 539 979 Athamanti
561 920 655 978 talem
679 920 810 978 furorem
832 921 907 980 Iuno
929 921 1066 998 immisit,
1092 924 1128 980 ut

125 1009 193 1068 filios
219 1028 288 1069 suos
310 1010 404 1068 uellet
426 1009 571 1084 occidere,
598 1027 720 1084 sperans
743 1009 823 1084 quod
844 1009 984 1068 Liberum
1010 1014 1128 1087 patrem

124 1099 249 1157 inuenire
276 1101 377 1174 posset
405 1101 435 1157 et
462 1098 553 1156 simili
586 1100 664 1156 sorte
691 1098 857 1173 perimeret.
904 1099 955 1175 qui
982 1100 1129 1158 Athamas
1245 1171 1247 1174 Α

94 1199 114 1237 1⁰
123 1205 207 1246 unum
233 1187 330 1246 filium
357 1205 443 1246 suum
465 1187 630 1245 Learchum
658 1205 729 1245 arcu
755 1188 805 1245 uel
833 1188 952 1264 sagittis
979 1189 1127 1247 exstinxit.

13 1281 15 1285 '
123 1276 285 1336 Leucothea
306 1296 387 1351 uero,
410 1277 462 1334 ubi
484 1276 625 1333 maritum
649 1293 735 1334 suum
757 1277 854 1334 furere
878 1277 1039 1352 conspexit,
1062 1297 1129 1356 cum

13 1385 14 1412 1
122 1363 294 1425 Palaemone
316 1365 380 1424 filio
399 1384 451 1424 suo
471 1383 501 1422 se
520 1364 603 1422 dedit
625 1364 658 1421 in
680 1383 769 1423 mare.
790 1384 866 1441 quae
885 1365 1074 1441 postmodum
1096 1367 1128 1425 in

122 1455 263 1513 marinam
294 1455 381 1512 deam
413 1472 555 1512 conuersa
585 1454 632 1511 est
664 1455 696 1512 et
725 1457 851 1513 uocatur
877 1455 975 1513 Mater
1000 1455 1127 1532 Matuta,

122 1541 193 1602 filius
212 1545 277 1602 eius
296 1544 368 1601 deus
386 1543 542 1600 Portunus.
566 1541 643 1600 unde
663 1541 809 1620 Virgilius
827 1539 920 1621 (Aen.
935 1543 963 1601 V
979 1541 1127 1624 241sq.>:
1216 1610 1218 1614 ,

89 1644 110 1684 1⁵
122 1625 217 1691 ‘manu
241 1650 353 1709 magna
375 1632 535 1690 Portunus·
547 1633 668 1688 euntem
689 1627 829 1707 impulit’.

183 1724 224 1780 14
255 1739 364 1780 1or1vss
392 1720 471 1796 quod
503 1739 533 1778 se
559 1720 592 1778 in
618 1719 704 1779 Ionio
736 1721 812 1778 mari
844 1721 1013 1780 Leucothea
1043 1741 1128 1798 prae·

121 1810 296 1885 cipitauerit.
834 1847 837 1853 .

182 1901 222 1959 15
251 1915 383 1959 cnmrvs
402 1917 442 1956 nr
464 1915 621 1957 ruosnssa
647 1898 679 1956 id
701 1900 746 1957 est
767 1899 959 1958 infelicitates
981 1901 1012 1958 et
1034 1899 1126 1959 felici·
1140 1912 1258 1961 unci-³

119 1992 191 2048 tates
216 1988 323 2047 Cadmi
345 1987 462 2047 reticeo.

88 2090 109 2129 ao
183 2082 223 2138 16
251 2094 343 2135 nnius
366 2095 435 2135 Mlffl
457 2076 636 2153 principium
660 2080 691 2135 et
712 2076 780 2134 finis
803 2076 912 2135 dicitur
934 2077 1043 2137 limes.

182 2171 224 2226 17
247 2182 386 2225 connisa
404 2182 508 2225 nonve
533 2166 604 2241 quia
624 2166 704 2224 idem
721 2165 801 2223 filius
820 2168 851 2223 et
867 2167 1002 2243 maritus,
1025 2168 1129 2227 eadem

119 2260 211 2314 mater
235 2257 268 2313 et
288 2272 371 2330 uxor,
394 2254 485 2312 iidem
506 2254 562 2312 filii
586 2255 637 2330 qui
659 2257 790 2330 nepotes

182 2348 223 2405 18
251 2362 388 2402 sicanas
407 2360 582 2402 rnquuos
605 2343 672 2402 idco
692 2342 805 2402 Graeca
827 2343 907 2401 bella
930 2344 1034 2420 scribo,
1058 2346 1128 2420 quia

118 2432 224 2491 Latina
247 2452 309 2491 non
331 2450 458 2507 possum.
1118 2449 1120 2454 ·

87 2531 107 2571 2⁵
122 2568 129 2583 ,,
183 2525 222 2583 19
249 2539 361 2587 nlsovn
380 2538 455 2580 rvco
474 2538 600 2580 nnnuvn
619 2540 645 2578 a.
661 2538 689 2578 1.
704 2539 765 2577 n.1.
789 2539 843 2596 per
861 2521 986 2579 fluuium
1009 2524 1128 2599 gentem

120 2608 274 2669 Gallorum
295 2610 341 2668 bis
365 2628 383 2667 a
405 2609 589 2685 Vespasiano
612 2609 725 2667 uictam
748 2610 886 2668 ostendit.

182 2702 226 2760 20
250 2718 291 2757 nr
310 2716 485 2757 comvanso
509 2700 613 2757 contra
636 2717 690 2757 nos
713 2698 842 2757 scilicet.

181 2793 224 2847 22
245 2804 446 2846 nnnns1ovrs
465 2806 596 2864 pugnam
616 2806 706 2863 quam
724 2787 756 2843 in
775 2786 924 2863 Capitolio
938 2787 1128 2848 Domitianus

186 3036 202 3083 3
228 3030 326 3099 aperto
349 3028 493 3083 delendam
515 3034 553 3083 est
575 3033 610 3079 Ic
635 3030 639 3095 Ι
665 3026 765 3082 femori
786 3034 832 3080 Ι.Ρ
855 3033 859 3096 Ι
886 3028 1029 3082 addidisse
1047 3035 1099 3083 ΠΡ
1119 3029 1129 3101 Η

117 3106 133 3153 4
150 3100 242 3155 fertm
260 3105 296 3152 Pb
315 3102 324 3169 ΙΙ
347 3104 363 3152 5
383 3100 540 3168 sumpserat
557 3104 594 3151 Pa
618 3112 622 3163 ι
643 3114 725 3153 arcus
743 3105 780 3152 Pa
796 3102 801 3170 Ι
816 3099 983 3154 leucothoea
1000 3105 1038 3153 Pa
1069 3100 1127 3153 leu-

118 3173 216 3226 cothoe
230 3176 293 3224 Hb
308 3173 317 3241 d
331 3176 347 3224 6
362 3172 391 3224 et
404 3188 453 3225 om.
469 3176 488 3222 L
502 3171 511 3239 ΙΙ
526 3175 541 3222 7
555 3168 664 3223 inmisit
676 3173 717 3225 aie
728 3172 785 3238 fere
798 3188 900 3242 semper
913 3175 963 3241 1η
981 3176 997 3223 8
1012 3187 1127 3240 sperans

119 3242 164 3310 qui
185 3249 225 3296 Pb
250 3246 260 3313 ΙΙ
283 3247 298 3295 9
317 3240 408 3312 possit
429 3246 457 3293 Ι
476 3242 480 3313 l
501 3239 654 3311 perimere?
676 3244 686 3311 ΙΙ
710 3247 744 3295 10
762 3259 843 3295 suum
860 3242 951 3296 filium
968 3248 1006 3295 Pa
1030 3247 1034 3308 Ι
1054 3241 1128 3295 lear-

118 3330 179 3367 cum
196 3320 218 3367 Ρ
242 3317 252 3382 ΙΙ
275 3319 307 3367 12
326 3312 386 3367 filio
404 3330 454 3367 om.
469 3318 506 3365 Pa
528 3314 537 3380 ΙΙ
559 3317 591 3364 13
611 3311 697 3365 matri
714 3319 751 3366 Pb
768 3314 772 3382 Ι
792 3314 915 3385 Matuta]
933 3316 1051 3367 naturae
1068 3318 1105 3365 Pa
1118 3314 1129 3386 Η

119 3390 150 3437 11
167 3386 340 3440 Portumnus
353 3390 373 3436 1.
387 3386 396 3453 t
410 3388 443 3437 15
462 3400 566 3453 magna
584 3399 670 3436 manu
687 3389 725 3437 Pa
740 3388 746 3454 Ι
761 3384 875 3454 impulit
892 3402 942 3440 om.
956 3390 976 3437 Ρ
990 3387 999 3450 l
1013 3388 1047 3436 16
1065 3402 1127 3454 pre·

120 3453 973 3599 11,111111111111111112111
993 3459 1032 3579 a
1046 3457 1128 3579 olco

123 3596 228 3653 Graeca
247 3604 306 3651 Ll’b
330 3600 339 3667 Η
363 3602 396 3651 25
414 3616 439 3653 a.
453 3615 478 3652 1.
493 3615 517 3652 n.
533 3615 550 3651 1.
570 3614 620 3651 om.
635 3602 680 3649 L?
702 3599 711 3666 ΙΙ
734 3604 767 3651 27
786 3545 827 3649 ΕΞ
838 3614 887 3652 om.
902 3601 954 3648 ΠΡ
1004 3663 1007 3664 ⁷

932 3682 966 3733 1·
