2575 3900
183 198 246 262 140
401 195 689 252 ΟΟΜΜΕΝΤΑΒΝΒ
707 195 747 249 IN
764 194 902 250 LIBRVM
920 195 969 250 111.

181 349 254 421 sent,
274 347 425 421 optionem
439 346 590 420 deterrent,
608 347 652 423 ut,
671 346 769 422 siquid
782 346 883 420 uellet,
902 345 940 403 eb
955 345 997 405 eis
1012 349 1190 421 exposceret.

180 435 230 494 ille
254 435 362 494 liberos
386 435 448 494 sine
472 436 595 512 coniuge
618 435 793 510 posumus
820 435 868 493 cui
888 435 1045 510 Neptunus
1068 438 1099 492 et
1119 435 1192 511 Iup·

179 524 258 599 piter
276 524 505 599 imperauerunt‚
524 526 559 582 ut
577 525 657 582 tauri
676 524 796 601 corium,
815 544 903 599 quem
917 523 960 582 eis
973 524 1192 601 immolarent,

180 616 275 672 torrae
309 613 463 672 infoderet
513 613 559 672 illi
589 613 621 672 in
648 631 683 672 eo
710 613 828 672 urinam
854 613 962 687 fecere,
996 613 1073 672 unde
1100 616 1191 672 natus

180 705 226 760 cst
248 701 347 762 Orion.
385 702 436 777 qui
459 721 526 762 cum
548 702 663 762 Dianae
687 705 822 777 stuprum
845 702 976 779 inferret,
1002 702 1057 760 ills
1080 703 1191 761 Teme
1219 716 1234 756 5

180 811 235 866 ope
259 791 442 866 scorpionem
465 791 613 852 uindicem
636 791 769 866 sumpsit.
798 810 886 866 quem
909 791 1037 851 occisum
1055 791 1192 866 Iuppiter

179 881 211 938 in
243 881 357 940 caelum
388 880 551 940 transtulit
602 880 693 939 simili
724 880 812 938 modo
845 882 875 938 et
907 880 1006 938 Diona
1041 880 1192 938 uindicem

180 988 266 1028 suum
300 971 380 1028 inter
411 970 508 1028 sidera
539 970 706 1028 collocarit.
740 1001 782 1008 -
814 967 922 1026 mensis
952 987 1025 1046 ergo
1056 969 1191 1028 Ianuarii

180 1061 297 1134 tempus
310 1061 400 1135 poeta
414 1059 562 1133 describit,
581 1077 639 1133 quo
655 1056 747 1118 Orion
762 1057 796 1116 in
813 1076 920 1116 occasu
936 1061 983 1116 est
1000 1059 1189 1118 constitutus

248 1149 289 1208 30
312 1164 438 1207 snscxvs
463 1148 514 1222 qui
536 1147 671 1222 nesciret,
693 1166 753 1206 non
775 1146 828 1222 qui
850 1147 1018 1207 nesciretur.
1207 1162 1235 1200 io

248 1239 288 1296 32
317 1253 531 1296 unnnnurmvs
559 1253 712 1294 monerer
740 1238 794 1294 eut
821 1234 969 1311 sollicitis,
997 1236 1104 1311 quibus
1131 1255 1192 1295 nox

179 1345 312 1386 maerore
335 1325 480 1402 geminari
502 1323 629 1399 uidetur,
652 1327 707 1383 sut
728 1324 928 1384 maerentibus
951 1325 1047 1383 dictis,

248 1415 288 1472 35
312 1430 489 1472 suessionis
506 1431 607 1471 rouro
627 1432 693 1471 cum
711 1413 840 1488 primum
858 1433 967 1473 oceano
986 1415 1031 1472 sol
1050 1414 1118 1472 exit
1153 1434 1192 1473 ex

179 1503 350 1577 Hyperione
374 1503 473 1559 eutem
493 1499 598 1561 Gracci
620 1501 790 1561 fabularum
813 1503 970 1577 scriptores
993 1503 1083 1561 stulte
1101 1505 1191 1562 natos

181 1609 242 1649 esse
265 1591 413 1648 finxerunt
434 1591 618 1649 uenerabiles
641 1592 726 1665 deos,
755 1591 854 1650 Solem
876 1594 908 1650 et
929 1591 1054 1666 Lunam,
1076 1592 1192 1667 puriter
1208 1605 1236 1645 rs

181 1682 212 1740 et
233 1679 389 1754 Auroram,
415 1682 567 1756 sperantes
593 1680 689 1739 ueluti
716 1680 818 1739 stolidi
843 1681 1080 1756 hominesque
1102 1681 1193 1739 falla-

180 1769 233 1828 ciis
256 1788 429 1846 superorum
452 1769 606 1828 numinum
628 1768 799 1828 natiuitatis
821 1772 922 1844 posset
943 1769 1016 1828 fides
1032 1770 1132 1828 offerri
1150 1771 1192 1828 cb

180 1859 239 1934 his,
268 1860 319 1935 qui
347 1878 406 1920 non
434 1861 581 1918 nouerunt
607 1877 661 1917 nec
688 1859 831 1917 mnndum
857 1877 910 1918 nco
934 1859 1012 1918 diem
1034 1859 1095 1918 sine
1119 1857 1192 1917 Sole

180 1947 322 2024 Lunaque
350 1968 413 2009 esse
440 1948 571 2024 potuisse
598 1968 617 2005 a
646 1947 816 2023 primordiis
838 1968 936 2007 rerum
958 1968 1012 2007 nec
1034 1949 1121 2006 tants
1144 1947 1190 2007 lu·

180 2037 261 2095 mins
283 2038 480 2103 uterofixisse
505 2040 629 2115 gestata.
658 2037 831 2113 Hyperiona
848 2056 919 2114 ergo
937 2057 1006 2112 non,
1028 2040 1063 2095 ut
1082 2036 1188 2097 Graeci
1205 2053 1235 2091 so

252 2355 265 2401 1
288 2350 434 2419 expectent
455 2350 498 2417 (=
518 2350 671 2417 expeteret)
690 2354 726 2401 Pb
747 2353 759 2419 ΙΙ
781 2355 797 2401 3
816 2349 988 2417 impersnmt
1005 2354 1067 2401 tre
1084 2352 1088 2410 Ι
1104 2365 1189 2417 quem

179 2436 311 2490 superscr.
331 2420 350 2472 ΙΙ
367 2423 414 2488 ΙΙ
436 2419 624 2473 inmolsuerat
642 2438 710 2475 corr.
730 2439 763 2475 ee
780 2420 987 2473 inmoleuerunt
1004 2422 1083 2489 11115
1099 2436 1191 2487 quam

180 2509 248 2547 corr.
263 2494 299 2546 'ic
317 2490 366 2559 qui
382 2496 410 2544 11
439 2494 442 2560 Ι
473 2490 562 2561 stupri
580 2490 639 2545 uim
656 2491 742 2545 ferret
759 2497 796 2544 ΡΙ)
833 2494 960 2560 stuprum
980 2489 1082 2545 inferre
1100 2490 1191 2545 uellet

180 2569 200 2615 1.
218 2566 345 2634 stuprum
364 2562 449 2617 ferret
463 2569 504 2616 Pe
517 2566 555 2632 ΙΙΙ
576 2564 604 2616 et
620 2580 672 2617 om.
691 2569 718 2615 11
734 2566 738 2633 Ι
755 2563 838 2616 diane
856 2564 946 2631 ΡαΙΙΙΙ
963 2561 994 2615 in
1010 2561 1104 2633 cplum
1119 2578 1189 2615 con·

178 2633 285 2691 locauit
298 2638 334 2686 ΡΙ)
352 2637 355 2705 Ι
371 2633 482 2689 ianuari
495 2639 532 2686 ΡΙ)
546 2636 555 2703 ΙΙ
570 2638 585 2685 9
600 2649 731 2687 occasum
743 2639 780 2686 ΡΙ)
798 2650 928 2688 occursus
942 2638 980 2685 Pe
990 2635 1002 2702 fl
1017 2638 1051 2686 10
1066 2631 1191 2687 nesciret

178 2722 235 2759 non
254 2705 302 2774 qui
320 2723 370 2760 om.
390 2711 427 2759 Pe
452 2707 457 2776 Ι
482 2704 545 2773 qui²
563 2722 631 2759 corr.
651 2723 684 2759 ex
702 2723 756 2774 quc
774 2711 802 2757 1
823 2708 832 2774 ΙΙ
856 2710 887 2757 11
907 2722 1035 2757 mensem
1053 2722 1103 2759 om.
1121 2710 1159 2756 ΡΙ)
1183 2706 1186 2775 t

179 2776 316 2830 sollicitus
326 2783 364 2830 Pe
377 2780 386 2847 ΙΙ
402 2783 434 2830 12
445 2792 568 2830 maerore
578 2792 632 2829 nox
642 2782 686 2828 121²
702 2779 706 2845 Ι
722 2776 865 2845 geminare
875 2781 911 2828 Pb
926 2792 994 2830 corr.
1004 2778 1036 2829 iu
1049 2774 1189 2844 geminari

179 2852 206 2899 ΙΙ
226 2850 235 2916 ΙΙ
254 2852 287 2900 13
306 2847 395 2917 primo
414 2854 453 2916 ΡΙ
470 2864 539 2901 cano
557 2852 611 2900 ΗΡ
625 2849 633 2916 ΙΙ
656 2853 690 2901 14
706 2847 903 2916 hi(m)perione
921 2849 960 2915 ΡΙ
977 2846 1126 2916 scriptores
1144 2847 1188 2900 fa-

179 2916 310 2973 bularum
327 2923 354 2970 ΙΙ
376 2921 385 2988 ΙΙ
409 2924 441 2973 16
460 2917 550 2973 ueluti
568 2923 619 2969 ΙΙΡ
651 2918 785 2973 uidelicet
803 2924 823 2970 1
847 2919 852 2987 Ι
877 2917 960 2972 solidi
978 2923 1015 2970 ΡΙ)
1036 2919 1040 2986 Ι
1060 2920 1092 2972 in
1109 2921 1189 2972 resti-

179 2991 279 3043 tuendo
301 2990 358 3043 loco
381 2991 583 3057 corruptissimo
606 2991 742 3059 imprimis
758 2995 786 3043 11
804 2996 910 3045 secutus
930 3006 991 3044 sum
1028 2991 1033 3058 1
1071 2988 1139 3057 quis.
1160 2994 1191 3042 Ι

180 3057 248 3127 quis
265 3074 361 3113 eorum
379 3066 414 3111 Pe
442 3059 499 3113 suis
513 3066 558 3113 L?
574 3062 585 3129 ΙΙ
607 3065 638 3113 11
658 3060 840 3129 superborum
854 3066 889 3113 Ρο
916 3078 967 3131 sup
981 3077 1113 3130 superscr.
1127 3076 1190 3114 ero·

180 3148 242 3185 rum
254 3135 283 3185 ,ΙΙ
301 3148 351 3184 om.
371 3136 416 3183 tr
432 3133 436 3197 Ι
452 3130 598 3184 numinum
611 3148 661 3187 om.
676 3138 722 3184 LP
748 3149 797 3186 om.
811 3148 942 3201 superscr.
957 3132 1004 3201 111
1019 3130 1189 3186 natiuitetes

179 3208 199 3254 L
216 3201 340 3257 siderum
357 3207 377 3253 Ρ
394 3203 398 3271 Ι
413 3201 482 3255 fides
501 3218 550 3255 om.
570 3219 703 3271 superser.
717 3208 744 3256 11
770 3210 834 3258 acte
851 3202 1012 3257 natiuitatis
1027 3205 1139 3271 praeiret
1151 3208 1189 3256 Pe

178 3274 262 3329 fidem
286 3280 349 3341 post
372 3272 480 3326 auferre
506 3277 526 3323 Ρ
558 3280 647 3327 om.L
676 3276 681 3345 1
709 3275 805 3342 posset
832 3273 940 3327 auferre
966 3290 997 3327 se
1024 3278 1189 3343 supersunt

179 3343 272 3399 offerri
285 3348 313 3397 11
338 3343 478 3413 potuisset
496 3342 588 3397 offerri
601 3349 636 3397 Ρο
663 3361 745 3414 posse
764 3344 901 3399 suferril.
928 3361 1009 3414 posse
1027 3360 1058 3399 se
1078 3344 1189 3399 auferre

178 3422 216 3468 Pe
243 3433 272 3469 se
290 3431 372 3484 posse
391 3415 499 3469 auferre
517 3419 554 3467 ΡΙ)
580 3415 584 3485 Ι
609 3416 646 3469 sb
662 3421 750 3470 om.P
772 3418 782 3484 ΙΙ
805 3421 838 3469 18
857 3415 906 3483 qui
924 3434 973 3470 om.
993 3421 1031 3469 Pe
1052 3417 1058 3486 Ι
1076 3431 1133 3469 non
1150 3421 1189 3468 Ρο

178 3503 229 3540 om.
243 3491 319 3539 tsu’
334 3489 339 3555 Ι
355 3503 445 3555 neque
460 3530 465 3542 .
479 3530 483 3540 .
499 3502 589 3553 nequo
605 3492 643 3539 ΡΙ)
657 3489 667 3555 [Ι
682 3492 714 3540 ΙΙΙ
733 3485 802 3540 luna
818 3486 931 3554 soleque
945 3491 982 3539 ΡΙ)
995 3489 1005 3556 ΙΙ
1019 3492 1054 3540 20
1067 3486 1189 3541 fuissent

179 3560 216 3609 Pe
232 3559 235 3625 Ι
252 3558 385 3628 gestabat
401 3564 438 3611 ΡΙ)
455 3559 458 3629 Ι
475 3559 507 3610 ut
525 3574 575 3611 om.
594 3561 631 3609 Pe
