2575 3900
166 231 230 294 192
391 227 680 283 COMMENTARIVS
698 227 739 282 IN
756 226 896 282 LIBRVM
913 227 960 282 IV.

230 382 271 438 46
297 396 486 438 onananaon
513 377 618 437 civitas
641 378 886 455 Peloponnensis,
917 397 992 455 quae
1021 377 1176 437 Charadro

163 468 255 527 fluuio
278 468 418 527 iracunde
441 467 556 526 teritur.

230 560 273 616 47
296 574 386 615 rums
405 557 515 616 montis
532 575 640 615 nomen
658 557 774 633 Argiui,
796 560 832 615 nt
854 557 898 615 ait
921 556 1129 616 callimachus.

165 664 286 705 onnonn
309 646 416 704 ciuitas
438 645 585 704 Arcadiae
608 646 640 703 in
664 645 790 704 confinio
813 646 944 724 Argiuae
967 645 1105 723 regionis,

231 737 273 794 48
310 754 349 792 nr
381 752 647 794 nnonnsnuornvn
680 753 783 792 nunna
815 753 957 796 nncrvan
989 752 1015 793 c.
1047 734 1178 793 historia
1205 744 1219 786 Ι

163 823 235 882 talis
258 825 315 882 est:
347 823 445 900 Thyre
475 824 582 882 ciuitas
605 826 658 882 est.
704 821 791 894 huius
814 825 918 900 populi
941 825 999 882 duo
1024 823 1177 899 quondam

163 913 242 971 inter
265 931 294 971 se
317 913 396 972 bello
420 913 634 988 dissentientes,
657 912 894 972 Lacedaemones
917 915 948 972 et
969 913 1084 990 Argiui.
1123 911 1177 970 sed

164 1001 406 1061 Lacedaemoniis
438 1003 498 1060 dux
529 1001 697 1062 Theriades,
744 1021 810 1060 cum
843 1002 905 1060 eius
937 1002 1081 1060 exercitus
1113 1002 1177 1059 iam

164 1111 256 1168 prope
283 1091 381 1151 uictor
409 1093 498 1167 esset,
524 1093 625 1149 tamen
648 1091 734 1167 graui
756 1093 877 1150 uulnere
900 1091 1023 1165 iaceret,
1052 1093 1176 1166 excepto

165 1213 207 1222 -
231 1183 392 1256 antequam
418 1183 515 1238 totam
541 1180 673 1238 animam
701 1180 914 1238 exhalaret-
933 1180 1085 1258 sangiune,
1113 1182 1219 1238 tro-10

164 1271 261 1346 phaea
292 1270 380 1327 iussit
408 1269 517 1327 attolli.
564 1269 670 1344 quibus
702 1270 797 1347 digito
830 1269 973 1347 sanguine
1006 1268 1100 1328 oblito
1128 1271 1177 1327 ter

112 1407 115 1412 .
163 1359 237 1417 haec
261 1358 392 1433 scripsit:
423 1355 496 1416 κατὰ
516 1349 663 1436 Ἀργείων.
707 1359 763 1418 hoc
790 1359 866 1416 dixit
897 1353 1177 1418 ‘Lacedaemonium

167 1447 264 1522 Thyre
292 1447 406 1505 lectura
433 1441 586 1505 cruorem'.
632 1447 694 1505 siue
723 1448 794 1522 quia
823 1448 903 1523 apud
925 1446 1176 1506 Lacedaemonios

165 1535 322 1594 uerberum
345 1536 375 1593 et
396 1535 555 1612 plagarum
577 1535 743 1594 habebatur
765 1539 921 1595 certamen.
962 1534 1096 1612 [propter
1118 1536 1177 1595 hoc

167 1624 243 1683 dixit
266 1619 544 1684 ‘Lacedaemonium
566 1624 680 1684 lectura
703 1620 869 1701 cruorem’.]
1194 1638 1220 1679 15

234 1715 275 1774 49
308 1731 455 1772 naucum
487 1714 539 1789 qui
569 1714 713 1773 haberent
743 1715 917 1773 memoriam
953 1714 1086 1792 genera,
1124 1715 1177 1790 qui

166 1803 296 1862 Adrasto
319 1804 411 1881 longa
434 1802 581 1861 affinitate
604 1803 776 1880 iungimtur.
1115 1803 1117 1810 ⁴

8 1901 155 1952 Isinda-121
235 1895 277 1954 50
305 1910 359 1959 ou
385 1910 520 1950 narrum
552 1908 707 1952 scorvnos
736 1890 871 1952 Corinthi
902 1893 1063 1969 Drepanon
1094 1891 1176 1967 dicit,

166 2000 227 2041 non
254 1981 381 2041 Siciliae.
438 1999 623 2041 onrvmnuan
652 1998 792 2040 s1cronrs
820 1980 955 2041 Corinthi
982 1982 1177 2057 municipium

168 2070 256 2129 oliuis
278 2071 384 2128 fertile.
408 2069 485 2129 unde
508 2069 654 2147 Virgilius
676 2064 796 2148 (georg.
815 2071 847 2129 Π
867 2067 965 2149 519>:
989 2066 1108 2129 ‘teritur
1132 2070 1177 2129 si·
1193 2085 1223 2125 ao

168 2159 275 2235 cyonia
310 2159 385 2217 baca
420 2153 566 2235 trapetis’.
621 2159 698 2217 hanc
738 2162 838 2218 autem
869 2160 999 2235 primum
1029 2160 1177 2241 Adrastus

239 2386 255 2434 2
274 2379 360 2434 fluuio
383 2379 525 2434 Charadro
543 2387 563 2433 1.
588 2383 593 2449 Ι
616 2381 819 2437 trahiturus
845 2384 855 2452 ΙΙ
883 2382 1006 2452 3rnr1s]
1028 2380 1094 2436 Rois
1112 2382 1175 2454 Pal

169 2452 322 2507 calimaous
341 2449 383 2506 ait
401 2456 437 2504 ΡΙ)
453 2454 458 2521 1
474 2452 621 2508 Schneider
637 2456 736 2525 froya.
756 2453 832 2525 5661
855 2454 884 2507 et
902 2460 965 2508 cate
982 2452 1105 2524 Argiuae
1123 2454 1177 2508 ias.

168 2530 207 2578 Pa
224 2525 275 2579 del.
294 2528 321 2576 1
342 2525 352 2593 ΙΙ
379 2523 549 2595 4Argiuae]
570 2524 703 2599 archadia
721 2528 759 2577 ΡΙ)
781 2527 829 2594 {tt
848 2525 979 2596 nxcrvni]
997 2523 1015 2579 i.
1034 2528 1061 2576 1
1097 2539 1120 2577 e.
1140 2528 1177 2577 Pa

169 2596 677 2665 c.l’blc.om.1.lltest¹om.1.1’
708 2598 758 2651 del.
778 2600 805 2648 11
825 2598 829 2664 Ι
850 2595 905 2649 duo
936 2594 966 2647 di
984 2600 1021 2647 Pa
1039 2596 1048 2664 ΙΙ
1067 2599 1082 2649 1
1100 2593 1176 2650 bello

168 2666 243 2721 inter
270 2682 299 2721 se
326 2673 346 2721 1·
381 2667 431 2721 ᾗ)
459 2683 489 2720 se
515 2665 648 2721 bellare
677 2666 681 2739 l
710 2666 816 2721 bellum
843 2672 879 2719 ΡΙ)
943 2665 1095 2721 disserrent
1111 2666 1175 2739 Pal

169 2737 367 2810 sed]8a1.1³ass
381 2743 397 2792 8
415 2738 701 2793 Lacedaemoniorum
717 2744 737 2790 1.
769 2736 976 2793 lacedemonius
990 2742 1028 2790 Pa
1044 2741 1049 2807 Ι
1065 2735 1177 2791 Othria-

170 2808 219 2863 dee
237 2815 257 2861 1.
288 2809 406 2865 tiriades
423 2814 460 2863 ΡΙ)
481 2812 490 2879 ΙΙ
513 2815 529 2863 9
547 2809 609 2879 ipse
626 2812 723 2865 tamen
741 2828 779 2865 aa
796 2808 931 2863 tametsi?
949 2810 958 2878 ΙΙ
978 2814 1011 2861 10
1028 2808 1177 2878 tropheum

170 2885 209 2932 Pa
234 2882 244 2949 11
272 2886 304 2933 11
332 2881 447 2951 quibus]
475 2879 543 2950 quid
569 2886 607 2934 Pa
645 2899 666 2949 p
691 2886 729 2933 ΡΙ)
758 2883 762 2950 1
792 2878 933 2934 oblitrato'
960 2885 998 2933 Pa
1027 2880 1031 2951 Ι
1060 2881 1104 2934 ter
1126 2896 1176 2935 om.

170 2953 253 3020 1.(Ρι)
279 2952 289 3018 lt
317 2956 350 3004 12
368 2952 422 3007 hoc
439 2956 466 3011 1
497 2970 548 3008 om,
566 2958 604 3007 Pa
631 2955 635 3021 Ι
665 2950 758 3006 κατὰ*
777 2954 878 3021 aptrou
901 2966 917 3005 c
940 2953 1024 3020 prata
1041 2954 1177 3019 louronl.

170 3025 252 3075 Κατα
274 3021 294 3074 ὰ
316 3022 433 3090 patrone
455 3022 557 3093 piata.
572 3023 704 3077 ΛΡΘΙΟΝ
723 3026 750 3074 ll
785 3028 867 3077 Κατα
882 3020 922 3076 ,ὰ
944 3024 1062 3091 patrone
1077 3038 1083 3051 ·
1097 3021 1178 3092 piata

171 3091 312 3146 ΛΕΙΟΙΟΝ
333 3096 412 3149 1110)).
431 3092 458 3147 h.
478 3110 503 3147 a.
521 3096 542 3147 t.
562 3111 587 3148 a.
607 3111 631 3149 a.
651 3114 677 3165 p.
702 3096 781 3148 trone
804 3093 905 3163 pianaa
928 3092 1014 3164 pron
1037 3099 1075 3148 Pa
1107 3093 1178 3147 Cata

171 3165 253 3233 aptro
270 3179 306 3217 ne
323 3162 404 3232 piata
423 3163 522 3233 argion
539 3165 638 3221 Bamb.
656 3172 726 3235 spat.
745 3182 805 3219 aar.
825 3166 871 3219 rel.
890 3168 927 3217 ΡΙ)
961 3163 1033 3220 κατὰ
1052 3161 1178 3235 Ἀργείων

171 3252 240 3291 corr.
260 3235 425 3291 Kohlmann.
454 3237 486 3289 ia
504 3235 575 3290 Mus.
593 3235 681 3291 Rhea.
701 3237 756 3293 col.
774 3235 864 3289 XXXl
882 3254 908 3305 p.
924 3240 1064 3294 soa-304
1094 3237 1098 3305 Ι
1127 3235 1179 3289 hec

172 3312 209 3359 Ρ),
224 3306 229 3379 l
244 3306 297 3360 hoc
316 3308 359 3361 est
377 3305 453 3375 quod
467 3305 597 3377 dixithll
612 3313 644 3361 13
663 3306 771 3362 lectura
784 3312 811 3360 11
826 3308 831 3379 Ι
848 3307 920 3379 siue]
937 3306 993 3362 fuit
1011 3312 1047 3359 ΡΙ)
1061 3308 1071 3377 ΙΙ
1085 3312 1119 3360 14
1137 3308 1177 3361 et-

172 3377 392 3433 amen'habebat
404 3383 441 3430 ΡΙ)
457 3380 461 3449 Ι
481 3380 615 3448 propter.
632 3422 638 3435 .
654 3395 778 3433 cruorem
792 3396 842 3434 om.
857 3381 906 3449 11}
922 3383 953 3432 15
968 3378 1041 3431 dixit
1055 3396 1104 3433 om.
1119 3382 1155 3430 ΡΙ)
1167 3377 1179 3449 ΙΙ

173 3454 207 3503 18
226 3448 389 3505 Corinthiun
406 3450 453 3503 uel
470 3455 490 3501 1.
522 3449 660 3505 corinthio
678 3450 724 3504 uel
741 3456 780 3503 Pa
795 3456 799 3515 1
814 3450 973 3521 Drepauem
990 3454 1011 3501 1
1037 3448 1178 3519 drepanen

171 3524 200 3571 11
230 3536 353 3591 repauen
370 3526 408 3573 Pa
433 3520 589 3666 drepanum
601 3527 638 3574 ΡΙ)
652 3523 662 3592 ΙΙ
676 3526 710 3575 20
728 3521 842 3576 territur
859 3524 901 3591 ΡΙ]
915 3527 948 3575 21
967 3521 1040 3575 baca
1057 3536 1126 3577 corr.
1145 3536 1178 3574 ea

172 3606 262 3659 pacca
278 3597 306 3644 11
336 3592 421 3647 bachi
438 3598 475 3645 ΡΙ)
511 3592 617 3663 primus
636 3598 673 3645 ΡΙ)
