2575 3900
316 203 604 259 COMMENTARIVS
621 204 663 258 IN
680 203 820 258 LIBRVM
838 204 884 260 IV.
1038 203 1104 268 223

97 353 244 413 imbrem
262 354 393 412 mulsum
406 354 487 429 dicit,
505 357 559 414 eut
572 355 726 414 Actaeos
744 354 873 438 imbres
892 373 1001 430 aquam
1014 355 1107 414 fontis
1208 381 1211 386 ·

98 443 188 517 illius,
209 444 288 502 unde
304 443 440 502 Actaeon
463 461 600 518 aspersus
622 444 655 502 in
676 463 796 504 censum
813 447 947 504 mutatus
966 447 1018 503 est.
1055 444 1107 504 sed

98 536 199 590 utrum
229 533 359 590 mulsum
386 552 495 607 purum
521 551 560 590 an
587 533 700 592 fontem
728 553 767 591 an
793 552 926 592 cruorem
952 533 1107 608 pecudum,

97 640 155 696 quo
186 622 283 696 possit
309 621 399 680 tellus
431 621 515 679 arida
542 621 661 698 seheri,
691 623 837 681 incertum
869 625 921 681 est
971 621 1107 682 nonnulli

72 724 195 769 erorem
215 710 364 768 marinum
386 711 419 768 in
440 710 552 769 Actaeo
573 710 746 786 Aracyntho
769 712 879 770 dicunt
969 729 1106 770 svnnvn·

99 817 158 864 orn
182 816 327 858 onvonun
355 799 407 873 qui
434 799 613 874 persuadeat
638 800 775 859 manibus
798 800 836 858 ad
859 819 979 874 superos
1001 800 1105 859 redire.

164 889 229 946 454
252 905 432 946 Aconmrvn
453 888 628 946 infunditur.
653 890 735 948 deest
758 883 907 947 ‘tantumfl

163 977 226 1035 456
251 993 321 1034 rins
342 982 487 1035 urcium
511 977 582 1052 qnia
604 978 748 1037 triformis
771 980 816 1036 est
839 980 893 1035 aut
915 977 985 1054 quia
1003 978 1107 1036 eadem

97 1065 184 1124 deum
211 1067 308 1123 mater
334 1065 464 1132 creditur,
490 1068 521 1123 et
542 1066 722 1142 Proserpina
743 1067 793 1125 uel
815 1067 907 1124 Terra
930 1069 983 1124 aut
1005 1066 1106 1126 Vesta.

58 1171 84 1213 ro
185 1171 272 1212 seris
295 1171 479 1214 ACHERONTE
502 1155 582 1212 natis
606 1155 642 1213 de
661 1156 835 1214 Acheronte.
877 1157 986 1214 etenim
1010 1158 1106 1214 matre

97 1244 192 1302 Nocte
215 1245 301 1318 patre
323 1243 491 1301 Acheronte
514 1246 603 1302 natae
626 1245 772 1303 dicuntur.

88 1365 92 1372 ·
164 1332 226 1391 457
251 1349 428 1391 vmonsnsvs
449 1331 555 1390 Furiis.

163 1421 227 1480 459
251 1438 435 1481 rnorvuneu
462 1439 610 1480 umerrvu
637 1439 750 1481 cunum
773 1422 835 1480 tria
863 1423 932 1480 sunt
957 1422 990 1479 in
1017 1421 1105 1480 sacri-

96 1510 171 1569 ficiis
194 1509 316 1568 deorum
338 1509 413 1584 loca,
435 1529 489 1585 per
507 1529 583 1585 quae
601 1510 765 1585 piationem
783 1511 921 1570 facimus:
944 1511 1107 1570 scrobiculo

59 1613 84 1653 rs
97 1600 178 1659 facto
201 1599 317 1673 inferis,
345 1599 534 1658 terrestribus
557 1618 648 1674 supra
670 1601 781 1658 terram
805 1600 1015 1678 sacrificamus,
1042 1619 1107 1659 cae·

97 1688 221 1747 lectibus
239 1687 396 1746 exstructis
409 1688 491 1746 focis.
523 1688 601 1746 unde
620 1689 712 1747 etiam
730 1689 884 1748 nominata
903 1690 973 1747 sunt
990 1689 1108 1763 altaria,

90 1769 188 1852 'atque
212 1776 411 1835 sacrificantes
433 1796 540 1836 manus
561 1778 741 1855 porrigimus
763 1779 796 1836 in
819 1779 921 1836 altum.

163 1868 230 1924 460
263 1883 435 1925 cvraussvs
467 1884 609 1925 Pronum
640 1866 771 1926 luctibus
803 1870 883 1942 apta.
934 1865 1109 1942 Cyparissus

98 1956 247 2031 speciosus
270 1975 356 2034 puer,
379 1956 449 2014 dum
471 1961 639 2031 nonoretur,
662 1958 694 2014 in
717 1976 847 2016 amorem
870 1957 916 2016 sui
937 1956 1109 2032 Apollinem

1 2077 2 2080 =
61 2044 251 2121 aeompulit.
289 2063 389 2119 aquo
413 2046 528 2120 accepit
550 2064 670 2104 ceruum
692 2046 922 2121 pulcherrimum
940 2065 1061 2114 munere
1079 2047 1110 2103 et

96 2135 292 2192 mansuetum.
349 2153 436 2208 quem
472 2153 539 2193 cum
571 2134 722 2211 diligeret,
758 2135 854 2194 lassus
887 2154 1022 2194 somnum
1054 2134 1109 2193 sub

1 2291 2 2316 ἒ
96 2222 201 2281 arbore
234 2240 338 2296 capere
370 2223 475 2297 coepit
526 2223 625 2282 subito
658 2224 803 2283 excitatus
835 2225 962 2300 strepitu
989 2242 1109 2283 ceruum
1220 2243 1221 2247 ¹

96 2311 185 2389 longe
203 2310 288 2368 uidit
309 2311 429 2369 credens
447 2312 613 2370 siluestrem
631 2312 722 2371 missa
742 2313 853 2390 sagitta
872 2334 940 2373 eum
957 2312 1110 2371 interemit

97 2401 260 2477 agnitoque
286 2417 380 2475 usquc
408 2419 442 2459 ec
469 2400 628 2477 ingemuit,
658 2404 693 2459 ut
720 2402 756 2459 ab
786 2404 866 2461 omni
894 2402 958 2461 cibo
983 2404 1013 2460 et
1034 2404 1110 2477 potu

57 2503 83 2542 rs
97 2487 269 2547 abstineret.
296 2507 354 2563 quo
369 2488 539 2549 tabescente
553 2489 664 2565 Apollo
683 2490 841 2550 miseratus
855 2492 918 2550 eius
936 2490 1029 2549 uertit
1042 2510 1110 2548 enm

95 2579 129 2635 in
143 2577 279 2637 arborem
293 2577 339 2635 sui
353 2578 489 2636 nominis.
519 2578 555 2635 de
571 2597 630 2653 qua
642 2577 789 2657 Virgilius
803 2575 897 2657 (Aen.
907 2579 951 2637 IV
962 2580 1024 2639 506
1032 2573 1109 2657 sq.>:

168 2788 184 2834 2
205 2786 321 2852 aspersis
339 2783 429 2850 21113
449 2781 564 2837 an10m.
584 2784 657 2852 1114
677 2782 771 2837 arride
807 2782 912 2837 sacrari
930 2783 1019 2851 21111
1039 2782 1110 2838 dees

94 2858 122 2905 Ι
143 2856 148 2921 Ι
168 2856 265 2907 temen
282 2859 302 2905 1.
325 2855 334 2922 ΙΙ
357 2857 373 2905 8
392 2851 566 2907 tristiformie
585 2858 623 2906 Pe
647 2855 652 2922 Ι
677 2870 730 2921 que
749 2860 787 2907 Pe
808 2856 817 2924 ΙΙ
841 2859 856 2908 9
875 2853 999 2908 creditur
1020 2852 1110 2909 Deum

94 2927 187 2977 mater
206 2929 252 2976 12
267 2926 272 2992 Ι
288 2926 317 2977 et
335 2941 384 2979 orn.
404 2930 424 2976 1.
440 2924 445 2995 Ι
461 2926 523 2995 aut]
541 2924 588 2979 uel
606 2931 626 2977 1.
650 2927 659 2994 ΙΙ
683 2931 716 2979 10
734 2925 810 2979 natis
830 2925 864 2979 de'
883 2924 1040 2980 Acheronte
1059 2944 1108 2982 om.

95 3000 133 3047 Pb
150 2997 257 3064 [natae
274 2995 433 3049 Acheronte
451 3000 546 3048 ma
559 2997 569 3065 ss
583 3001 616 3048 13
636 2995 729 3066 erigut
747 2998 789 3066 Pu
805 3002 838 3049 14
858 2996 972 3050 deorum
993 3015 1043 3052 om.
1062 3004 1082 3050 1.
1104 2998 1108 3071 l

96 3066 253 3121 scrobicolo
262 3071 290 3118 1
302 3068 312 3135 n
326 3071 359 3119 15
375 3066 512 3121 sacrificia
520 3071 558 3120 Pb
572 3068 581 3136 ll
596 3071 629 3120 16
644 3068 719 3121 0th
733 3066 862 3139 {nomine
871 3067 927 3141 Pell
937 3074 969 3121 17
986 3069 1023 3123 ad
1037 3086 1109 3137 quae

95 3143 158 3190 Hb
178 3140 264 3205 etque
282 3154 350 3193 corr.
370 3155 404 3193 cx
426 3138 578 3208 21111118
598 3137 762 3207 Cyparissus
783 3180 855 3194 ....
874 3138 1027 3193 inferorum
1046 3147 1110 3209 post

94 3210 176 3264 schol.
199 3214 252 3263 463
272 3248 304 3266 ,.
325 3208 455 3263 ,cultros
474 3211 568 3278 praet.
592 3215 612 3262 2
637 3211 640 3277 Ι
666 3208 825 3279 Tiparissus
847 3215 875 3262 1
911 3210 1063 3282 Cupressus
1089 3216 1109 3263 1.

96 3278 253 3350 Cyprianus
271 3286 309 3332 Pe
322 3281 331 3348 ΙΙ
345 3286 378 3333 19
397 3282 545 3334 ueneratur
562 3286 582 3332 2
598 3282 602 3349 Ι
618 3279 648 3333 in
666 3298 716 3336 om.
736 3287 774 3335 Pe
810 3282 847 3335 ad
864 3287 901 3335 Pb
920 3284 929 3352 ΙΙ
952 3288 985 3335 21
1004 3282 1110 3335 lassum

95 3355 123 3402 Ι
142 3350 239 3421 lapsus
257 3356 296 3404 Pe
310 3354 315 3420 Ι
330 3349 437 3404 lassum
456 3352 589 3406 somnus?
610 3354 620 3421 ll
643 3357 676 3405 22
696 3352 845 3421 subitoque
863 3359 883 3405 1.
899 3355 903 3423 Ι
920 3352 1039 3421 strepitu
1059 3368 1108 3406 om.

93 3424 206 3490 2111123
224 3421 341 3476 missam
359 3427 395 3475 Pb
412 3424 416 3491 Ι
433 3438 496 3476 eum
515 3440 564 3477 om.
584 3428 621 3476 21)
638 3422 805 3491 {intremuit
822 3426 931 3493 221124
950 3422 1048 3493 agnito
1066 3422 1107 3495 Pl

95 3509 131 3547 eo
149 3510 238 3562 usqne
257 3499 294 3546 Pb
319 3496 323 3562 Ι
348 3494 455 3564 gemitu
479 3495 538 3562 (cm.
558 3496 599 3564 ut)
618 3500 655 3547 Pb
681 3498 685 3563 Ι
710 3494 773 3550 cibo
797 3498 920 3565 potuque
939 3497 959 3544 1·
995 3492 1057 3546 cibo
1081 3495 1110 3546 et

93 3566 165 3634 poto
184 3569 211 3616 1
225 3568 234 3634 ΙΙ
248 3569 282 3618 26
300 3564 430 3619 misertus
449 3567 564 3635 121126
583 3583 638 3634 quo
658 3572 678 3618 1.
