<?xml version="1.0" encoding="UTF-8"?>
<!DOCTYPE html PUBLIC "-//W3C//DTD XHTML 1.0 Transitional//EN"
    "http://www.w3.org/TR/xhtml1/DTD/xhtml1-transitional.dtd">
<html xmlns="http://www.w3.org/1999/xhtml" xml:lang="en" lang="en">
 <head>
  <title>
</title>
<meta http-equiv="Content-Type" content="text/html;charset=utf-8" />
  <meta name='ocr-system' content='tesseract 3.04.00' />
  <meta name='ocr-capabilities' content='ocr_page ocr_carea ocr_par ocr_line ocrx_word'/>
</head>
<body>
  <div class='ocr_page' id='page_1' title='image "./opera03statgoog_0365.png"; bbox 0 0 2575 3900; ppageno 0'>
   <div class='ocr_carea' id='block_1_1' title="bbox 184 208 985 274">
    <p class='ocr_par' dir='ltr' id='par_1_1' title="bbox 184 208 985 274">
     <span class='ocr_line' id='line_1_1' title="bbox 184 208 985 274; baseline 0.002 -10"><span class='ocrx_word' id='word_1_1' title='bbox 184 209 250 274; x_wconf 76' lang='lat'><strong>350</strong></span> <span class='ocrx_word' id='word_1_2' title='bbox 402 208 691 264; x_wconf 69' lang='lat' dir='ltr'>COMMENTARIVS</span> <span class='ocrx_word' id='word_1_3' title='bbox 710 208 750 263; x_wconf 82' lang='lat' dir='ltr'><strong>IN</strong></span> <span class='ocrx_word' id='word_1_4' title='bbox 767 208 908 263; x_wconf 76' lang='lat' dir='ltr'><strong>Lmavaa</strong></span> <span class='ocrx_word' id='word_1_5' title='bbox 925 209 985 267; x_wconf 68' lang='lat' dir='ltr'><strong>Vn„</strong></span> 
     </span>
    </p>
   </div>
   <div class='ocr_carea' id='block_1_2' title="bbox 182 359 1197 704">
    <p class='ocr_par' dir='ltr' id='par_1_2' title="bbox 184 359 1196 507">
     <span class='ocr_line' id='line_1_2' title="bbox 185 359 1196 438; baseline 0 -19"><span class='ocrx_word' id='word_1_6' title='bbox 185 378 353 436; x_wconf 88' lang='lat' dir='ltr'><strong>compressa</strong></span> <span class='ocrx_word' id='word_1_7' title='bbox 375 360 429 433; x_wconf 62' lang='lat' dir='ltr'><strong>est,</strong></span> <span class='ocrx_word' id='word_1_8' title='bbox 452 376 528 434; x_wconf 88' lang='lat' dir='ltr'><strong>quae</strong></span> <span class='ocrx_word' id='word_1_9' title='bbox 550 362 657 433; x_wconf 87' lang='lat' dir='ltr'><strong>postea</strong></span> <span class='ocrx_word' id='word_1_10' title='bbox 674 359 777 419; x_wconf 91' lang='lat' dir='ltr'><strong>Helice</strong></span> <span class='ocrx_word' id='word_1_11' title='bbox 800 378 908 419; x_wconf 90' lang='lat' dir='ltr'><strong>nomeu</strong></span> <span class='ocrx_word' id='word_1_12' title='bbox 930 362 1053 438; x_wconf 88' lang='lat' dir='ltr'><strong>accepit.</strong></span> <span class='ocrx_word' id='word_1_13' title='bbox 1144 381 1196 420; x_wconf 84' lang='lat' dir='ltr'><strong>nn-</strong></span> 
     </span>
     <span class='ocr_line' id='line_1_3' title="bbox 184 446 712 507; baseline 0.002 -1"><span class='ocrx_word' id='word_1_14' title='bbox 184 465 285 507; x_wconf 78' lang='lat' dir='ltr'><strong>nanss</strong></span> <span class='ocrx_word' id='word_1_15' title='bbox 309 468 375 507; x_wconf 88' lang='lat' dir='ltr'><strong>cum</strong></span> <span class='ocrx_word' id='word_1_16' title='bbox 399 446 437 505; x_wconf 88' lang='lat' dir='ltr'><strong>ad</strong></span> <span class='ocrx_word' id='word_1_17' title='bbox 458 446 572 506; x_wconf 85' lang='lat' dir='ltr'><strong>Ledam</strong></span> <span class='ocrx_word' id='word_1_18' title='bbox 593 448 712 507; x_wconf 87' lang='lat' dir='ltr'><strong>uenisti.</strong></span> 
     </span>
    </p>

    <p class='ocr_par' dir='ltr' id='par_1_3' title="bbox 182 536 1197 704">
     <span class='ocr_line' id='line_1_4' title="bbox 251 536 1197 615; baseline 0.003 -19"><span class='ocrx_word' id='word_1_19' title='bbox 251 539 314 596; x_wconf 85' lang='grc'><strong>164</strong></span> <span class='ocrx_word' id='word_1_20' title='bbox 342 556 361 595; x_wconf 86' lang='lat' dir='ltr'><strong>a</strong></span> <span class='ocrx_word' id='word_1_21' title='bbox 391 553 519 595; x_wconf 81' lang='lat' dir='ltr'><strong>cvncms</strong></span> <span class='ocrx_word' id='word_1_22' title='bbox 549 554 611 596; x_wconf 85' lang='lat' dir='ltr'><strong>noo</strong></span> <span class='ocrx_word' id='word_1_23' title='bbox 644 537 718 597; x_wconf 87' lang='lat' dir='ltr'><strong>dicit</strong></span> <span class='ocrx_word' id='word_1_24' title='bbox 748 555 779 596; x_wconf 87' lang='lat' dir='ltr'><strong>se</strong></span> <span class='ocrx_word' id='word_1_25' title='bbox 808 536 898 595; x_wconf 91' lang='lat' dir='ltr'><strong>Liber</strong></span> <span class='ocrx_word' id='word_1_26' title='bbox 929 556 947 596; x_wconf 88' lang='lat' dir='ltr'><strong>a</strong></span> <span class='ocrx_word' id='word_1_27' title='bbox 978 539 1082 598; x_wconf 86' lang='lat' dir='ltr'><strong>multis</strong></span> <span class='ocrx_word' id='word_1_28' title='bbox 1109 557 1197 615; x_wconf 88' lang='lat' dir='ltr'><strong>saepe</strong></span> 
     </span>
     <span class='ocr_line' id='line_1_5' title="bbox 182 624 1194 704; baseline 0.002 -20"><span class='ocrx_word' id='word_1_29' title='bbox 182 625 358 684; x_wconf 72' lang='lat' dir='ltr'><strong>mortalibus</strong></span> <span class='ocrx_word' id='word_1_30' title='bbox 389 624 481 684; x_wconf 80' lang='lat' dir='ltr'><strong>foisse</strong></span> <span class='ocrx_word' id='word_1_31' title='bbox 507 626 677 703; x_wconf 78' lang='lat' dir='ltr'><strong>neglectum</strong></span> <span class='ocrx_word' id='word_1_32' title='bbox 706 628 741 684; x_wconf 89' lang='lat' dir='ltr'><strong>ut</strong></span> <span class='ocrx_word' id='word_1_33' title='bbox 767 627 905 704; x_wconf 76' lang='lat' dir='ltr'>Lycurgo</span> <span class='ocrx_word' id='word_1_34' title='bbox 933 630 1025 704; x_wconf 84' lang='lat' dir='ltr'><strong>atque</strong></span> <span class='ocrx_word' id='word_1_35' title='bbox 1053 628 1194 688; x_wconf 88' lang='lat' dir='ltr'><strong>Pentheo.</strong></span> 
     </span>
    </p>
   </div>
   <div class='ocr_carea' id='block_1_3' title="bbox 182 710 1233 879">
    <p class='ocr_par' dir='ltr' id='par_1_4' title="bbox 182 710 1233 879">
     <span class='ocr_line' id='line_1_6' title="bbox 182 710 1233 796; baseline 0.003 -24"><span class='ocrx_word' id='word_1_36' title='bbox 182 732 253 772; x_wconf 88' lang='lat' dir='ltr'><strong>nam</strong></span> <span class='ocrx_word' id='word_1_37' title='bbox 276 712 401 773; x_wconf 83' lang='lat' dir='ltr'><strong>Ouidius</strong></span> <span class='ocrx_word' id='word_1_38' title='bbox 423 713 552 790; x_wconf 81' lang='lat' dir='ltr'><strong>quodam</strong></span> <span class='ocrx_word' id='word_1_39' title='bbox 574 714 641 774; x_wconf 90' lang='lat' dir='ltr'><strong>loco</strong></span> <span class='ocrx_word' id='word_1_40' title='bbox 663 710 753 793; x_wconf 83' lang='lat' dir='ltr'><strong>&lt;met</strong></span> <span class='ocrx_word' id='word_1_41' title='bbox 768 714 815 773; x_wconf 86' lang='lat'><strong>111</strong></span> <span class='ocrx_word' id='word_1_42' title='bbox 830 712 990 796; x_wconf 83' lang='lat' dir='ltr'><strong>531sqq.&gt;</strong></span> <span class='ocrx_word' id='word_1_43' title='bbox 1011 717 1104 777; x_wconf 85' lang='lat' dir='ltr'><strong>uerba</strong></span> <span class='ocrx_word' id='word_1_44' title='bbox 1119 718 1194 777; x_wconf 84' lang='lat' dir='ltr'><strong>Pan·</strong></span> <span class='ocrx_word' id='word_1_45' title='bbox 1220 727 1233 768; x_wconf 80' lang='lat'>⁵</span> 
     </span>
     <span class='ocr_line' id='line_1_7' title="bbox 182 802 859 879; baseline 0 -17"><span class='ocrx_word' id='word_1_46' title='bbox 182 803 245 863; x_wconf 89' lang='lat' dir='ltr'><strong>thei</strong></span> <span class='ocrx_word' id='word_1_47' title='bbox 267 802 437 862; x_wconf 81' lang='lat' dir='ltr'><strong>iniuriantis</strong></span> <span class='ocrx_word' id='word_1_48' title='bbox 459 804 599 862; x_wconf 86' lang='lat' dir='ltr'><strong>Liberum</strong></span> <span class='ocrx_word' id='word_1_49' title='bbox 621 803 667 862; x_wconf 81' lang='lat' dir='ltr'><strong>ita</strong></span> <span class='ocrx_word' id='word_1_50' title='bbox 689 803 859 879; x_wconf 84' lang='lat' dir='ltr'><strong>descripsit:</strong></span> 
     </span>
    </p>
   </div>
   <div class='ocr_carea' id='block_1_4' title="bbox 268 933 1233 1812">
    <p class='ocr_par' dir='ltr' id='par_1_5' title="bbox 268 933 1122 1087">
     <span class='ocr_line' id='line_1_8' title="bbox 270 933 1122 1015; baseline 0.004 -19"><span class='ocrx_word' id='word_1_51' title='bbox 270 933 348 1014; x_wconf 80' lang='lat' dir='ltr'><strong>‘quis</strong></span> <span class='ocrx_word' id='word_1_52' title='bbox 370 938 463 1012; x_wconf 84' lang='lat' dir='ltr'><strong>furor,</strong></span> <span class='ocrx_word' id='word_1_53' title='bbox 485 936 680 1013; x_wconf 81' lang='lat' dir='ltr'><strong>anguigenas,</strong></span> <span class='ocrx_word' id='word_1_54' title='bbox 703 937 801 1012; x_wconf 87' lang='lat' dir='ltr'><strong>proles</strong></span> <span class='ocrx_word' id='word_1_55' title='bbox 824 937 983 1015; x_wconf 84' lang='lat' dir='ltr'><strong>Mauortia,</strong></span> <span class='ocrx_word' id='word_1_56' title='bbox 1005 941 1122 999; x_wconf 86' lang='lat' dir='ltr'><strong>uestras</strong></span> 
     </span>
     <span class='ocr_line' id='line_1_9' title="bbox 268 1020 1121 1087; baseline 0 0"><span class='ocrx_word' id='word_1_57' title='bbox 268 1027 402 1087; x_wconf 88' lang='lat' dir='ltr'><strong>attonuit</strong></span> <span class='ocrx_word' id='word_1_58' title='bbox 422 1020 569 1085; x_wconf 84' lang='lat' dir='ltr'><strong>mentes?&#39;</strong></span> <span class='ocrx_word' id='word_1_59' title='bbox 591 1026 741 1085; x_wconf 74' lang='lat' dir='ltr'>Pentheus</span> <span class='ocrx_word' id='word_1_60' title='bbox 763 1026 816 1085; x_wconf 87' lang='lat' dir='ltr'><strong>ait.</strong></span> <span class='ocrx_word' id='word_1_61' title='bbox 861 1020 979 1086; x_wconf 75' lang='lat' dir='ltr'><strong>‘serane</strong></span> <span class='ocrx_word' id='word_1_62' title='bbox 1003 1030 1121 1087; x_wconf 86' lang='lat' dir='ltr'><strong>tantam</strong></span> 
     </span>
    </p>

    <p class='ocr_par' dir='ltr' id='par_1_6' title="bbox 270 1114 1014 1191">
     <span class='ocr_line' id='line_1_10' title="bbox 270 1114 1014 1191; baseline -0.001 -15"><span class='ocrx_word' id='word_1_63' title='bbox 270 1137 337 1176; x_wconf 90' lang='lat' dir='ltr'><strong>aere</strong></span> <span class='ocrx_word' id='word_1_64' title='bbox 359 1114 479 1191; x_wconf 88' lang='lat' dir='ltr'><strong>repulsa</strong></span> <span class='ocrx_word' id='word_1_65' title='bbox 500 1114 605 1173; x_wconf 87' lang='lat' dir='ltr'><strong>ualent</strong></span> <span class='ocrx_word' id='word_1_66' title='bbox 626 1117 657 1173; x_wconf 86' lang='lat' dir='ltr'><strong>et</strong></span> <span class='ocrx_word' id='word_1_67' title='bbox 679 1115 794 1175; x_wconf 58' lang='lat' dir='ltr'><strong>duaco</strong></span> <span class='ocrx_word' id='word_1_68' title='bbox 817 1114 894 1174; x_wconf 89' lang='lat' dir='ltr'><strong>tibia</strong></span> <span class='ocrx_word' id='word_1_69' title='bbox 918 1134 1014 1175; x_wconf 83' lang='lat' dir='ltr'><strong>comu</strong></span> 
     </span>
    </p>

    <p class='ocr_par' dir='ltr' id='par_1_7' title="bbox 269 1203 1231 1370">
     <span class='ocr_line' id='line_1_11' title="bbox 271 1203 1231 1283; baseline -0.003 -18"><span class='ocrx_word' id='word_1_70' title='bbox 271 1208 302 1265; x_wconf 88' lang='lat' dir='ltr'><strong>et</strong></span> <span class='ocrx_word' id='word_1_71' title='bbox 322 1204 456 1282; x_wconf 82' lang='lat' dir='ltr'><strong>magicae</strong></span> <span class='ocrx_word' id='word_1_72' title='bbox 478 1203 607 1279; x_wconf 70' lang='lat' dir='ltr'><strong>caudes,</strong></span> <span class='ocrx_word' id='word_1_73' title='bbox 628 1205 672 1279; x_wconf 81' lang='lat' dir='ltr'><strong>ut,</strong></span> <span class='ocrx_word' id='word_1_74' title='bbox 696 1222 769 1279; x_wconf 89' lang='lat' dir='ltr'><strong>quos</strong></span> <span class='ocrx_word' id='word_1_75' title='bbox 792 1223 852 1263; x_wconf 86' lang='lat' dir='ltr'><strong>non</strong></span> <span class='ocrx_word' id='word_1_76' title='bbox 876 1204 999 1265; x_wconf 88' lang='lat' dir='ltr'><strong>bellicus</strong></span> <span class='ocrx_word' id='word_1_77' title='bbox 1022 1204 1108 1283; x_wconf 85' lang='lat' dir='ltr'><strong>ensis,</strong></span> <span class='ocrx_word' id='word_1_78' title='bbox 1205 1215 1231 1257; x_wconf 78' lang='lat'><strong>10</strong></span> 
     </span>
     <span class='ocr_line' id='line_1_12' title="bbox 269 1292 1056 1370; baseline 0 -17"><span class='ocrx_word' id='word_1_79' title='bbox 269 1314 329 1353; x_wconf 87' lang='lat' dir='ltr'><strong>non</strong></span> <span class='ocrx_word' id='word_1_80' title='bbox 351 1292 425 1351; x_wconf 85' lang='lat' dir='ltr'><strong>tuba</strong></span> <span class='ocrx_word' id='word_1_81' title='bbox 446 1293 594 1368; x_wconf 77' lang='lat' dir='ltr'><strong>terruesit,</strong></span> <span class='ocrx_word' id='word_1_82' title='bbox 616 1311 677 1351; x_wconf 87' lang='lat' dir='ltr'><strong>non</strong></span> <span class='ocrx_word' id='word_1_83' title='bbox 700 1292 811 1352; x_wconf 79' lang='lat' dir='ltr'><strong>strictis</strong></span> <span class='ocrx_word' id='word_1_84' title='bbox 833 1293 954 1370; x_wconf 79' lang='lat' dir='ltr'><strong>agmina</strong></span> <span class='ocrx_word' id='word_1_85' title='bbox 978 1294 1056 1370; x_wconf 87' lang='lat' dir='ltr'><strong>telis,</strong></span> 
     </span>
    </p>

    <p class='ocr_par' dir='ltr' id='par_1_8' title="bbox 269 1381 916 1442">
     <span class='ocr_line' id='line_1_13' title="bbox 269 1381 916 1442; baseline -0.002 0"><span class='ocrx_word' id='word_1_86' title='bbox 269 1382 414 1442; x_wconf 78' lang='lat' dir='ltr'><strong>femineae</strong></span> <span class='ocrx_word' id='word_1_87' title='bbox 436 1399 524 1441; x_wconf 88' lang='lat' dir='ltr'><strong>uoces</strong></span> <span class='ocrx_word' id='word_1_88' title='bbox 546 1383 577 1439; x_wconf 88' lang='lat' dir='ltr'><strong>et</strong></span> <span class='ocrx_word' id='word_1_89' title='bbox 599 1383 683 1440; x_wconf 88' lang='lat' dir='ltr'><strong>mota</strong></span> <span class='ocrx_word' id='word_1_90' title='bbox 705 1381 823 1440; x_wconf 88' lang='lat' dir='ltr'><strong>insania</strong></span> <span class='ocrx_word' id='word_1_91' title='bbox 845 1382 916 1441; x_wconf 87' lang='lat' dir='ltr'><strong>uino</strong></span> 
     </span>
    </p>

    <p class='ocr_par' dir='ltr' id='par_1_9' title="bbox 270 1468 1083 1547">
     <span class='ocr_line' id='line_1_14' title="bbox 270 1468 1083 1547; baseline -0.004 -15"><span class='ocrx_word' id='word_1_92' title='bbox 270 1471 446 1546; x_wconf 75' lang='lat' dir='ltr'><strong>obscenique</strong></span> <span class='ocrx_word' id='word_1_93' title='bbox 468 1488 574 1547; x_wconf 79' lang='lat' dir='ltr'><strong>greges</strong></span> <span class='ocrx_word' id='word_1_94' title='bbox 595 1472 627 1529; x_wconf 90' lang='lat' dir='ltr'><strong>et</strong></span> <span class='ocrx_word' id='word_1_95' title='bbox 648 1470 751 1529; x_wconf 87' lang='lat' dir='ltr'><strong>inania</strong></span> <span class='ocrx_word' id='word_1_96' title='bbox 773 1472 918 1546; x_wconf 84' lang='lat' dir='ltr'><strong>tympana</strong></span> <span class='ocrx_word' id='word_1_97' title='bbox 939 1468 1083 1531; x_wconf 73' lang='lat' dir='ltr'><strong>uincent?</strong></span> 
     </span>
    </p>

    <p class='ocr_par' dir='ltr' id='par_1_10' title="bbox 268 1558 1125 1636">
     <span class='ocr_line' id='line_1_15' title="bbox 268 1558 1125 1636; baseline -0.001 -16"><span class='ocrx_word' id='word_1_98' title='bbox 268 1579 370 1635; x_wconf 86' lang='lat' dir='ltr'><strong>nosne,</strong></span> <span class='ocrx_word' id='word_1_99' title='bbox 391 1577 476 1618; x_wconf 90' lang='lat' dir='ltr'><strong>senes</strong></span> <span class='ocrx_word' id='word_1_100' title='bbox 497 1558 607 1634; x_wconf 85' lang='lat' dir='ltr'><strong>miseri,</strong></span> <span class='ocrx_word' id='word_1_101' title='bbox 629 1559 682 1635; x_wconf 92' lang='lat' dir='ltr'><strong>qui</strong></span> <span class='ocrx_word' id='word_1_102' title='bbox 704 1560 795 1636; x_wconf 80' lang='lat' dir='ltr'><strong>longa</strong></span> <span class='ocrx_word' id='word_1_103' title='bbox 817 1579 871 1635; x_wconf 88' lang='lat' dir='ltr'><strong>per</strong></span> <span class='ocrx_word' id='word_1_104' title='bbox 893 1578 1024 1635; x_wconf 88' lang='lat' dir='ltr'><strong>aequora</strong></span> <span class='ocrx_word' id='word_1_105' title='bbox 1045 1561 1125 1619; x_wconf 87' lang='lat' dir='ltr'><strong>neoti</strong></span> 
     </span>
    </p>

    <p class='ocr_par' dir='ltr' id='par_1_11' title="bbox 269 1648 1233 1812">
     <span class='ocr_line' id='line_1_16' title="bbox 269 1648 1233 1731; baseline 0 -23"><span class='ocrx_word' id='word_1_106' title='bbox 269 1651 326 1709; x_wconf 87' lang='lat' dir='ltr'><strong>hac</strong></span> <span class='ocrx_word' id='word_1_107' title='bbox 348 1649 457 1724; x_wconf 79' lang='lat' dir='ltr'><strong>Tyron,</strong></span> <span class='ocrx_word' id='word_1_108' title='bbox 479 1648 536 1707; x_wconf 88' lang='lat' dir='ltr'><strong>hac</strong></span> <span class='ocrx_word' id='word_1_109' title='bbox 557 1648 700 1725; x_wconf 81' lang='lat' dir='ltr'><strong>profugos</strong></span> <span class='ocrx_word' id='word_1_110' title='bbox 722 1648 865 1723; x_wconf 74' lang='lat' dir='ltr'><strong>posuistis</strong></span> <span class='ocrx_word' id='word_1_111' title='bbox 888 1648 955 1707; x_wconf 84' lang='lat' dir='ltr'><strong>sede</strong></span> <span class='ocrx_word' id='word_1_112' title='bbox 977 1651 1109 1725; x_wconf 84' lang='lat' dir='ltr'><strong>penates,</strong></span> <span class='ocrx_word' id='word_1_113' title='bbox 1178 1721 1183 1731; x_wconf 26' lang='grc' dir='ltr'>ί</span> <span class='ocrx_word' id='word_1_114' title='bbox 1208 1660 1233 1700; x_wconf 77' lang='lat'><strong>15</strong></span> 
     </span>
     <span class='ocr_line' id='line_1_17' title="bbox 271 1732 797 1812; baseline -0.006 -14"><span class='ocrx_word' id='word_1_115' title='bbox 271 1757 349 1798; x_wconf 89' lang='lat' dir='ltr'><strong>nunc</strong></span> <span class='ocrx_word' id='word_1_116' title='bbox 371 1737 469 1796; x_wconf 89' lang='lat' dir='ltr'><strong>sinitis</strong></span> <span class='ocrx_word' id='word_1_117' title='bbox 492 1737 554 1795; x_wconf 92' lang='lat' dir='ltr'><strong>sine</strong></span> <span class='ocrx_word' id='word_1_118' title='bbox 576 1737 673 1795; x_wconf 74' lang='lat' dir='ltr'><strong>Maste</strong></span> <span class='ocrx_word' id='word_1_119' title='bbox 697 1732 797 1812; x_wconf 72' lang='lat' dir='ltr'><strong>capil&#39;</strong></span> 
     </span>
    </p>
   </div>
   <div class='ocr_carea' id='block_1_5' title="bbox 180 1870 1234 2392">
    <p class='ocr_par' dir='ltr' id='par_1_12' title="bbox 180 1870 1234 2392">
     <span class='ocr_line' id='line_1_18' title="bbox 249 1870 1191 1946; baseline -0.001 -14"><span class='ocrx_word' id='word_1_120' title='bbox 249 1875 311 1932; x_wconf 87' lang='grc'><strong>166</strong></span> <span class='ocrx_word' id='word_1_121' title='bbox 339 1887 460 1930; x_wconf 77' lang='lat' dir='ltr'><strong>aonnvs</strong></span> <span class='ocrx_word' id='word_1_122' title='bbox 486 1888 572 1928; x_wconf 73' lang='lat' dir='ltr'><strong>naen</strong></span> <span class='ocrx_word' id='word_1_123' title='bbox 599 1870 741 1946; x_wconf 88' lang='lat' dir='ltr'><strong>quoniam</strong></span> <span class='ocrx_word' id='word_1_124' title='bbox 771 1871 931 1929; x_wconf 84' lang='lat' dir='ltr'><strong>fulminata</strong></span> <span class='ocrx_word' id='word_1_125' title='bbox 957 1874 1053 1931; x_wconf 87' lang='lat' dir='ltr'><strong>matre</strong></span> <span class='ocrx_word' id='word_1_126' title='bbox 1084 1871 1191 1931; x_wconf 81' lang='lat' dir='ltr'><strong>femini</strong></span> 
     </span>
     <span class='ocr_line' id='line_1_19' title="bbox 180 1959 1191 2038; baseline 0.001 -18"><span class='ocrx_word' id='word_1_127' title='bbox 180 1962 261 2022; x_wconf 88' lang='lat' dir='ltr'><strong>Iouis</strong></span> <span class='ocrx_word' id='word_1_128' title='bbox 279 1961 385 2020; x_wconf 88' lang='lat' dir='ltr'><strong>insitus</strong></span> <span class='ocrx_word' id='word_1_129' title='bbox 405 1963 456 2018; x_wconf 85' lang='lat' dir='ltr'><strong>eat.</strong></span> <span class='ocrx_word' id='word_1_130' title='bbox 493 1959 571 2018; x_wconf 87' lang='lat' dir='ltr'><strong>unde</strong></span> <span class='ocrx_word' id='word_1_131' title='bbox 589 1960 679 2019; x_wconf 88' lang='lat' dir='ltr'><strong>Liber</strong></span> <span class='ocrx_word' id='word_1_132' title='bbox 695 1959 824 2020; x_wconf 87' lang='lat' dir='ltr'><strong>bimater</strong></span> <span class='ocrx_word' id='word_1_133' title='bbox 846 1961 1014 2036; x_wconf 83' lang='lat' dir='ltr'><strong>appellatas</strong></span> <span class='ocrx_word' id='word_1_134' title='bbox 1033 1963 1086 2037; x_wconf 87' lang='lat' dir='ltr'><strong>est,</strong></span> <span class='ocrx_word' id='word_1_135' title='bbox 1110 1963 1191 2038; x_wconf 87' lang='lat' dir='ltr'><strong>quod</strong></span> 
     </span>
     <span class='ocr_line' id='line_1_20' title="bbox 181 2048 1191 2128; baseline 0 -18"><span class='ocrx_word' id='word_1_136' title='bbox 181 2052 255 2110; x_wconf 84' lang='lat' dir='ltr'><strong>duas</strong></span> <span class='ocrx_word' id='word_1_137' title='bbox 276 2050 372 2109; x_wconf 85' lang='lat' dir='ltr'><strong>ueluti</strong></span> <span class='ocrx_word' id='word_1_138' title='bbox 394 2051 505 2107; x_wconf 88' lang='lat' dir='ltr'><strong>matres</strong></span> <span class='ocrx_word' id='word_1_139' title='bbox 526 2048 677 2125; x_wconf 83' lang='lat' dir='ltr'><strong>habuerit,</strong></span> <span class='ocrx_word' id='word_1_140' title='bbox 706 2051 736 2108; x_wconf 88' lang='lat' dir='ltr'><strong>et</strong></span> <span class='ocrx_word' id='word_1_141' title='bbox 758 2049 992 2125; x_wconf 71' lang='lat' dir='ltr'><strong>dithyrambicus</strong></span> <span class='ocrx_word' id='word_1_142' title='bbox 1015 2051 1112 2110; x_wconf 76' lang='lat' dir='ltr'><strong>dictas</strong></span> <span class='ocrx_word' id='word_1_143' title='bbox 1136 2054 1191 2128; x_wconf 75' lang='lat' dir='ltr'><strong>est,</strong></span> 
     </span>
     <span class='ocr_line' id='line_1_21' title="bbox 182 2138 1234 2216; baseline 0.002 -19"><span class='ocrx_word' id='word_1_144' title='bbox 182 2139 261 2216; x_wconf 88' lang='lat' dir='ltr'><strong>quod</strong></span> <span class='ocrx_word' id='word_1_145' title='bbox 287 2139 372 2197; x_wconf 89' lang='lat' dir='ltr'><strong>uelut</strong></span> <span class='ocrx_word' id='word_1_146' title='bbox 397 2157 451 2213; x_wconf 87' lang='lat' dir='ltr'><strong>per</strong></span> <span class='ocrx_word' id='word_1_147' title='bbox 478 2138 552 2196; x_wconf 87' lang='lat' dir='ltr'><strong>duas</strong></span> <span class='ocrx_word' id='word_1_148' title='bbox 578 2140 682 2214; x_wconf 85' lang='lat' dir='ltr'><strong>portas</strong></span> <span class='ocrx_word' id='word_1_149' title='bbox 709 2139 821 2197; x_wconf 85' lang='lat' dir='ltr'><strong>exierit</strong></span> <span class='ocrx_word' id='word_1_150' title='bbox 867 2138 918 2197; x_wconf 87' lang='lat' dir='ltr'><strong>sed</strong></span> <span class='ocrx_word' id='word_1_151' title='bbox 939 2139 996 2198; x_wconf 88' lang='lat' dir='ltr'><strong>hoc</strong></span> <span class='ocrx_word' id='word_1_152' title='bbox 1018 2139 1191 2199; x_wconf 87' lang='lat' dir='ltr'><strong>fabulosum</strong></span> <span class='ocrx_word' id='word_1_153' title='bbox 1204 2148 1234 2188; x_wconf 75' lang='lat'><strong>¹⁰</strong></span> 
     </span>
     <span class='ocr_line' id='line_1_22' title="bbox 180 2227 1192 2305; baseline 0.002 -19"><span class='ocrx_word' id='word_1_154' title='bbox 180 2228 373 2305; x_wconf 83' lang='lat' dir='ltr'><strong>intellegitur.</strong></span> <span class='ocrx_word' id='word_1_155' title='bbox 410 2227 464 2285; x_wconf 89' lang='lat' dir='ltr'><strong>sub</strong></span> <span class='ocrx_word' id='word_1_156' title='bbox 486 2227 542 2285; x_wconf 91' lang='lat' dir='ltr'><strong>hac</strong></span> <span class='ocrx_word' id='word_1_157' title='bbox 565 2229 666 2285; x_wconf 89' lang='lat' dir='ltr'><strong>autem</strong></span> <span class='ocrx_word' id='word_1_158' title='bbox 688 2227 785 2305; x_wconf 84' lang='lat' dir='ltr'><strong>figura</strong></span> <span class='ocrx_word' id='word_1_159' title='bbox 806 2227 966 2303; x_wconf 85' lang='lat' dir='ltr'><strong>mysticum</strong></span> <span class='ocrx_word' id='word_1_160' title='bbox 984 2228 1192 2303; x_wconf 78' lang='lat' dir='ltr'><strong>philosophiae</strong></span> 
     </span>
     <span class='ocr_line' id='line_1_23' title="bbox 181 2315 1193 2392; baseline 0 -15"><span class='ocrx_word' id='word_1_161' title='bbox 181 2320 326 2377; x_wconf 88' lang='lat' dir='ltr'><strong>secretam</strong></span> <span class='ocrx_word' id='word_1_162' title='bbox 345 2317 398 2376; x_wconf 87' lang='lat' dir='ltr'><strong>est.</strong></span> <span class='ocrx_word' id='word_1_163' title='bbox 435 2334 505 2374; x_wconf 90' lang='lat' dir='ltr'><strong>nam</strong></span> <span class='ocrx_word' id='word_1_164' title='bbox 529 2317 559 2374; x_wconf 87' lang='lat' dir='ltr'><strong>et</strong></span> <span class='ocrx_word' id='word_1_165' title='bbox 576 2315 652 2374; x_wconf 87' lang='lat' dir='ltr'><strong>illud</strong></span> <span class='ocrx_word' id='word_1_166' title='bbox 674 2316 867 2376; x_wconf 87' lang='lat' dir='ltr'><strong>falsissimum</strong></span> <span class='ocrx_word' id='word_1_167' title='bbox 886 2318 939 2392; x_wconf 81' lang='lat' dir='ltr'><strong>est,</strong></span> <span class='ocrx_word' id='word_1_168' title='bbox 963 2317 1044 2392; x_wconf 89' lang='lat' dir='ltr'><strong>quod</strong></span> <span class='ocrx_word' id='word_1_169' title='bbox 1061 2317 1193 2378; x_wconf 82' lang='lat' dir='ltr'><strong>Tiresias</strong></span> 
     </span>
    </p>
   </div>
   <div class='ocr_carea' id='block_1_6' title="bbox 181 2405 1191 2569">
    <p class='ocr_par' dir='ltr' id='par_1_13' title="bbox 181 2405 1191 2569">
     <span class='ocr_line' id='line_1_24' title="bbox 181 2405 557 2484; baseline -0.013 -18"><span class='ocrx_word' id='word_1_170' title='bbox 181 2407 273 2466; x_wconf 89' lang='lat' dir='ltr'><strong>subiit</strong></span> <span class='ocrx_word' id='word_1_171' title='bbox 281 2476 284 2484; x_wconf 30' lang='grc' dir='ltr'><strong><em>Ι</em></strong></span> <span class='ocrx_word' id='word_1_172' title='bbox 294 2405 557 2480; x_wconf 76' lang='lat' dir='ltr'><strong>metamorphosin.</strong></span> 
     </span>
     <span class='ocr_line' id='line_1_25' title="bbox 248 2493 1191 2569; baseline 0 -15"><span class='ocrx_word' id='word_1_173' title='bbox 248 2498 310 2554; x_wconf 82' lang='grc'><strong>171</strong></span> <span class='ocrx_word' id='word_1_174' title='bbox 334 2512 416 2554; x_wconf 78' lang='lat' dir='ltr'><strong>nvxs</strong></span> <span class='ocrx_word' id='word_1_175' title='bbox 438 2493 515 2552; x_wconf 88' lang='lat' dir='ltr'><strong>tibia</strong></span> <span class='ocrx_word' id='word_1_176' title='bbox 534 2495 583 2553; x_wconf 94' lang='lat' dir='ltr'><strong>uel</strong></span> <span class='ocrx_word' id='word_1_177' title='bbox 601 2493 771 2569; x_wconf 82' lang='lat' dir='ltr'><strong>scabellum,</strong></span> <span class='ocrx_word' id='word_1_178' title='bbox 795 2494 874 2569; x_wconf 86' lang='lat' dir='ltr'><strong>quod</strong></span> <span class='ocrx_word' id='word_1_179' title='bbox 891 2494 924 2552; x_wconf 90' lang='lat' dir='ltr'><strong>in</strong></span> <span class='ocrx_word' id='word_1_180' title='bbox 943 2494 1033 2553; x_wconf 79' lang='lat' dir='ltr'><strong>saenis</strong></span> <span class='ocrx_word' id='word_1_181' title='bbox 1052 2493 1191 2554; x_wconf 74' lang='lat' dir='ltr'><strong>tibicines</strong></span> 
     </span>
    </p>
   </div>
   <div class='ocr_carea' id='block_1_7' title="bbox 179 2583 1234 2747">
    <p class='ocr_par' dir='ltr' id='par_1_14' title="bbox 179 2583 1234 2747">
     <span class='ocr_line' id='line_1_26' title="bbox 179 2583 1234 2660; baseline -0.002 -17"><span class='ocrx_word' id='word_1_182' title='bbox 179 2585 252 2660; x_wconf 89' lang='lat' dir='ltr'><strong>pede</strong></span> <span class='ocrx_word' id='word_1_183' title='bbox 285 2603 390 2644; x_wconf 86' lang='lat' dir='ltr'><strong>sonare</strong></span> <span class='ocrx_word' id='word_1_184' title='bbox 421 2584 607 2642; x_wconf 87' lang='lat' dir='ltr'><strong>consuerunt.</strong></span> <span class='ocrx_word' id='word_1_185' title='bbox 720 2601 835 2641; x_wconf 77' lang='lat' dir='ltr'><strong>afflans</strong></span> <span class='ocrx_word' id='word_1_186' title='bbox 867 2600 1007 2642; x_wconf 75' lang='lat' dir='ltr'><strong>sanasos</strong></span> <span class='ocrx_word' id='word_1_187' title='bbox 1039 2583 1189 2658; x_wconf 85' lang='lat' dir='ltr'><strong>quomodo</strong></span> <span class='ocrx_word' id='word_1_188' title='bbox 1204 2594 1234 2635; x_wconf 77' lang='lat'><strong>25</strong></span> 
     </span>
     <span class='ocr_line' id='line_1_27' title="bbox 179 2671 1190 2747; baseline -0.001 -15"><span class='ocrx_word' id='word_1_189' title='bbox 179 2673 313 2732; x_wconf 83' lang='lat' dir='ltr'><strong>Thebani</strong></span> <span class='ocrx_word' id='word_1_190' title='bbox 346 2673 426 2732; x_wconf 90' lang='lat' dir='ltr'><strong>bella</strong></span> <span class='ocrx_word' id='word_1_191' title='bbox 456 2691 516 2731; x_wconf 93' lang='lat' dir='ltr'><strong>non</strong></span> <span class='ocrx_word' id='word_1_192' title='bbox 548 2672 688 2747; x_wconf 78' lang='lat' dir='ltr'><strong>timeant,</strong></span> <span class='ocrx_word' id='word_1_193' title='bbox 721 2671 772 2747; x_wconf 91' lang='lat' dir='ltr'><strong>qui</strong></span> <span class='ocrx_word' id='word_1_194' title='bbox 809 2671 1019 2730; x_wconf 80' lang='lat' dir='ltr'><strong>bacchantium</strong></span> <span class='ocrx_word' id='word_1_195' title='bbox 1056 2674 1190 2731; x_wconf 82' lang='lat' dir='ltr'><strong>matram</strong></span> 
     </span>
    </p>
   </div>
   <div class='ocr_carea' id='block_1_8' title="bbox 177 2927 1191 3642">
    <p class='ocr_par' dir='ltr' id='par_1_15' title="bbox 177 2927 1191 3642">
     <span class='ocr_line' id='line_1_28' title="bbox 250 2927 1191 3001; baseline -0.001 -18"><span class='ocrx_word' id='word_1_196' title='bbox 250 2936 462 2991; x_wconf 76' lang='lat' dir='ltr'><strong>lanoanmova</strong></span> <span class='ocrx_word' id='word_1_197' title='bbox 480 2930 511 2985; x_wconf 85' lang='lat' dir='ltr'><strong>id</strong></span> <span class='ocrx_word' id='word_1_198' title='bbox 529 2932 610 2984; x_wconf 71' lang='lat' dir='ltr'><strong>esth</strong></span> <span class='ocrx_word' id='word_1_199' title='bbox 640 2929 757 2984; x_wconf 87' lang='lat' dir='ltr'><strong>Lideras</strong></span> <span class='ocrx_word' id='word_1_200' title='bbox 774 2936 813 2983; x_wconf 75' lang='lat' dir='ltr'><strong>Pa</strong></span> <span class='ocrx_word' id='word_1_201' title='bbox 832 2930 841 2998; x_wconf 96' lang='grc'><strong>11</strong></span> <span class='ocrx_word' id='word_1_202' title='bbox 862 2934 878 2982; x_wconf 86' lang='grc'><strong>3</strong></span> <span class='ocrx_word' id='word_1_203' title='bbox 898 2944 928 2982; x_wconf 89' lang='lat' dir='ltr'><strong>se</strong></span> <span class='ocrx_word' id='word_1_204' title='bbox 947 2927 1017 2982; x_wconf 85' lang='lat' dir='ltr'><strong>dicit</strong></span> <span class='ocrx_word' id='word_1_205' title='bbox 1034 2933 1079 2982; x_wconf 69' lang='grc' dir='ltr'>Η</span> <span class='ocrx_word' id='word_1_206' title='bbox 1094 2928 1098 3001; x_wconf 96' lang='grc'><strong>1</strong></span> <span class='ocrx_word' id='word_1_207' title='bbox 1114 2945 1191 2982; x_wconf 88' lang='lat' dir='ltr'><strong>mor-</strong></span> 
     </span>
     <span class='ocr_line' id='line_1_29' title="bbox 178 2998 1191 3072; baseline -0.001 -17"><span class='ocrx_word' id='word_1_208' title='bbox 178 3001 284 3056; x_wconf 85' lang='lat' dir='ltr'><strong>talibus</strong></span> <span class='ocrx_word' id='word_1_209' title='bbox 303 3018 387 3072; x_wconf 86' lang='lat' dir='ltr'><strong>saepe</strong></span> <span class='ocrx_word' id='word_1_210' title='bbox 405 3003 478 3071; x_wconf 74' lang='grc'><strong>1115</strong></span> <span class='ocrx_word' id='word_1_211' title='bbox 497 3002 620 3070; x_wconf 89' lang='lat' dir='ltr'><strong>quodam</strong></span> <span class='ocrx_word' id='word_1_212' title='bbox 638 3002 725 3055; x_wconf 88' lang='lat' dir='ltr'><strong>uerba</strong></span> <span class='ocrx_word' id='word_1_213' title='bbox 749 3000 810 3055; x_wconf 93' lang='lat' dir='ltr'><strong>loco</strong></span> <span class='ocrx_word' id='word_1_214' title='bbox 829 3005 866 3052; x_wconf 81' lang='lat' dir='ltr'><strong>Pb</strong></span> <span class='ocrx_word' id='word_1_215' title='bbox 880 3002 920 3070; x_wconf 75' lang='grc'><strong>117</strong></span> <span class='ocrx_word' id='word_1_216' title='bbox 940 2998 1061 3070; x_wconf 80' lang='lat' dir='ltr'><strong>anguine</strong></span> <span class='ocrx_word' id='word_1_217' title='bbox 1080 3002 1110 3054; x_wconf 85' lang='lat' dir='ltr'><strong>et</strong></span> <span class='ocrx_word' id='word_1_218' title='bbox 1127 2999 1191 3055; x_wconf 87' lang='lat' dir='ltr'><strong>eins</strong></span> 
     </span>
     <span class='ocr_line' id='line_1_30' title="bbox 177 3070 1190 3156; baseline 0.001 -30"><span class='ocrx_word' id='word_1_219' title='bbox 177 3078 214 3126; x_wconf 85' lang='lat' dir='ltr'><strong>Pb</strong></span> <span class='ocrx_word' id='word_1_220' title='bbox 231 3075 235 3142; x_wconf 97' lang='grc'><strong>1</strong></span> <span class='ocrx_word' id='word_1_221' title='bbox 250 3071 344 3142; x_wconf 86' lang='lat' dir='ltr'><strong>proles</strong></span> <span class='ocrx_word' id='word_1_222' title='bbox 415 3075 532 3143; x_wconf 84' lang='lat' dir='ltr'><strong>penates</strong></span> <span class='ocrx_word' id='word_1_223' title='bbox 546 3090 595 3128; x_wconf 85' lang='lat' dir='ltr'><strong>om.</strong></span> <span class='ocrx_word' id='word_1_224' title='bbox 610 3078 648 3156; x_wconf 73' lang='lat' dir='ltr'><strong>Pb</strong></span> <span class='ocrx_word' id='word_1_225' title='bbox 662 3074 671 3142; x_wconf 93' lang='grc'><strong>11</strong></span> <span class='ocrx_word' id='word_1_226' title='bbox 685 3078 702 3126; x_wconf 85' lang='grc'>8</span> <span class='ocrx_word' id='word_1_227' title='bbox 717 3088 764 3127; x_wconf 85' lang='lat' dir='ltr'><strong>cra</strong></span> <span class='ocrx_word' id='word_1_228' title='bbox 777 3076 804 3125; x_wconf 82' lang='lat'>1</span> <span class='ocrx_word' id='word_1_229' title='bbox 818 3073 827 3141; x_wconf 96' lang='grc'><strong>11</strong></span> <span class='ocrx_word' id='word_1_230' title='bbox 842 3076 874 3124; x_wconf 92' lang='grc'><strong>11</strong></span> <span class='ocrx_word' id='word_1_231' title='bbox 889 3070 979 3125; x_wconf 83' lang='lat' dir='ltr'><strong>tiistis</strong></span> <span class='ocrx_word' id='word_1_232' title='bbox 992 3070 1190 3153; x_wconf 56' lang='lat' dir='ltr'><strong>lilibcalllsi</strong></span> 
     </span>
     <span class='ocr_line' id='line_1_31' title="bbox 177 3143 1191 3294; baseline -0.002 -24"><span class='ocrx_word' id='word_1_233' title='bbox 177 3160 392 3270; x_wconf 66' lang='lat' dir='ltr'><strong>nassa</strong></span> <span class='ocrx_word' id='word_1_234' title='bbox 407 3143 1191 3294; x_wconf 48' lang='lat' dir='ltr'><strong>{laesaslassantlassant</strong></span> 
     </span>
     <span class='ocr_line' id='line_1_32' title="bbox 177 3283 1188 3358; baseline -0.004 -17"><span class='ocrx_word' id='word_1_235' title='bbox 177 3294 214 3341; x_wconf 81' lang='lat' dir='ltr'><strong>Pb</strong></span> <span class='ocrx_word' id='word_1_236' title='bbox 231 3291 235 3356; x_wconf 96' lang='grc'><strong>1</strong></span> <span class='ocrx_word' id='word_1_237' title='bbox 251 3285 352 3341; x_wconf 79' lang='lat' dir='ltr'><strong>habuit</strong></span> <span class='ocrx_word' id='word_1_238' title='bbox 369 3292 389 3338; x_wconf 76' lang='lat'><strong>1.</strong></span> <span class='ocrx_word' id='word_1_239' title='bbox 405 3289 410 3355; x_wconf 96' lang='grc'><strong>1</strong></span> <span class='ocrx_word' id='word_1_240' title='bbox 426 3287 455 3339; x_wconf 89' lang='lat' dir='ltr'><strong>et</strong></span> <span class='ocrx_word' id='word_1_241' title='bbox 475 3303 525 3340; x_wconf 84' lang='lat' dir='ltr'><strong>om.</strong></span> <span class='ocrx_word' id='word_1_242' title='bbox 543 3291 563 3338; x_wconf 75' lang='lat' dir='ltr'>L</span> <span class='ocrx_word' id='word_1_243' title='bbox 579 3286 584 3358; x_wconf 97' lang='grc'><strong>1</strong></span> <span class='ocrx_word' id='word_1_244' title='bbox 601 3286 759 3340; x_wconf 87' lang='lat' dir='ltr'><strong>disrambns</strong></span> <span class='ocrx_word' id='word_1_245' title='bbox 777 3290 804 3339; x_wconf 81' lang='lat'>1</span> <span class='ocrx_word' id='word_1_246' title='bbox 837 3284 952 3338; x_wconf 86' lang='lat' dir='ltr'><strong>d’ramb’</strong></span> <span class='ocrx_word' id='word_1_247' title='bbox 969 3290 1007 3337; x_wconf 84' lang='lat' dir='ltr'><strong>Pa</strong></span> <span class='ocrx_word' id='word_1_248' title='bbox 1039 3283 1188 3338; x_wconf 83' lang='lat' dir='ltr'><strong>deaambus</strong></span> 
     </span>
     <span class='ocr_line' id='line_1_33' title="bbox 178 3354 1190 3429; baseline -0.002 -17"><span class='ocrx_word' id='word_1_249' title='bbox 178 3364 216 3412; x_wconf 77' lang='lat' dir='ltr'><strong>Po</strong></span> <span class='ocrx_word' id='word_1_250' title='bbox 244 3361 253 3429; x_wconf 96' lang='grc'><strong>11</strong></span> <span class='ocrx_word' id='word_1_251' title='bbox 280 3364 320 3422; x_wconf 61' lang='grc'><strong>21,</strong></span> <span class='ocrx_word' id='word_1_252' title='bbox 341 3355 510 3426; x_wconf 84' lang='lat' dir='ltr'><strong>intelligitur</strong></span> <span class='ocrx_word' id='word_1_253' title='bbox 537 3362 581 3410; x_wconf 69' lang='lat' dir='ltr'><strong>LP</strong></span> <span class='ocrx_word' id='word_1_254' title='bbox 607 3360 616 3425; x_wconf 96' lang='grc'><strong>11</strong></span> <span class='ocrx_word' id='word_1_255' title='bbox 643 3363 678 3411; x_wconf 80' lang='lat'><strong>23</strong></span> <span class='ocrx_word' id='word_1_256' title='bbox 702 3357 790 3411; x_wconf 89' lang='lat' dir='ltr'><strong>subiit</strong></span> <span class='ocrx_word' id='word_1_257' title='bbox 816 3354 1055 3426; x_wconf 86' lang='lat' dir='ltr'><strong>metamorphosin</strong></span> <span class='ocrx_word' id='word_1_258' title='bbox 1077 3371 1190 3425; x_wconf 76' lang='lat' dir='ltr'><strong>propos.</strong></span> 
     </span>
     <span class='ocr_line' id='line_1_34' title="bbox 178 3427 1190 3500; baseline -0.004 -15"><span class='ocrx_word' id='word_1_259' title='bbox 178 3431 307 3500; x_wconf 77' lang='lat' dir='ltr'><strong>Sebottlcy</strong></span> <span class='ocrx_word' id='word_1_260' title='bbox 326 3428 507 3483; x_wconf 80' lang='lat' dir='ltr'><strong>subit***L</strong></span> <span class='ocrx_word' id='word_1_261' title='bbox 539 3427 616 3482; x_wconf 88' lang='lat' dir='ltr'><strong>subis</strong></span> <span class='ocrx_word' id='word_1_262' title='bbox 634 3434 662 3480; x_wconf 73' lang='grc' dir='ltr'>Ι</span> <span class='ocrx_word' id='word_1_263' title='bbox 694 3428 754 3483; x_wconf 88' lang='lat' dir='ltr'><strong>sub’</strong></span> <span class='ocrx_word' id='word_1_264' title='bbox 767 3434 805 3481; x_wconf 84' lang='lat' dir='ltr'><strong>Pa</strong></span> <span class='ocrx_word' id='word_1_265' title='bbox 836 3429 1190 3497; x_wconf 70' lang='lat' dir='ltr'><strong>spat.cac.1’bl124sca·</strong></span> 
     </span>
     <span class='ocr_line' id='line_1_35' title="bbox 177 3496 1191 3571; baseline -0.004 -17"><span class='ocrx_word' id='word_1_266' title='bbox 177 3499 322 3554; x_wconf 81' lang='lat' dir='ltr'><strong>belluml.</strong></span> <span class='ocrx_word' id='word_1_267' title='bbox 353 3516 422 3554; x_wconf 79' lang='lat' dir='ltr'><strong>corr.</strong></span> <span class='ocrx_word' id='word_1_268' title='bbox 445 3516 480 3553; x_wconf 77' lang='lat' dir='ltr'><strong>ec:</strong></span> <span class='ocrx_word' id='word_1_269' title='bbox 501 3498 651 3552; x_wconf 84' lang='lat' dir='ltr'><strong>scabillum</strong></span> <span class='ocrx_word' id='word_1_270' title='bbox 673 3504 700 3553; x_wconf 82' lang='lat'>1</span> <span class='ocrx_word' id='word_1_271' title='bbox 731 3498 880 3553; x_wconf 88' lang='lat' dir='ltr'><strong>scabillum</strong></span> <span class='ocrx_word' id='word_1_272' title='bbox 901 3504 939 3551; x_wconf 81' lang='lat' dir='ltr'><strong>Pa</strong></span> <span class='ocrx_word' id='word_1_273' title='bbox 971 3497 1105 3553; x_wconf 88' lang='lat' dir='ltr'><strong>stabilum</strong></span> <span class='ocrx_word' id='word_1_274' title='bbox 1123 3502 1160 3550; x_wconf 81' lang='lat' dir='ltr'><strong>Pb</strong></span> <span class='ocrx_word' id='word_1_275' title='bbox 1178 3496 1191 3571; x_wconf 96' lang='grc'><strong>11</strong></span> 
     </span>
     <span class='ocr_line' id='line_1_36' title="bbox 179 3571 895 3642; baseline -0.003 -19"><span class='ocrx_word' id='word_1_276' title='bbox 179 3575 213 3623; x_wconf 79' lang='lat'><strong>25</strong></span> <span class='ocrx_word' id='word_1_277' title='bbox 232 3572 436 3627; x_wconf 85' lang='lat' dir='ltr'><strong>consueuerant</strong></span> <span class='ocrx_word' id='word_1_278' title='bbox 453 3575 473 3621; x_wconf 80' lang='lat'><strong>1.</strong></span> <span class='ocrx_word' id='word_1_279' title='bbox 487 3572 544 3639; x_wconf 76' lang='grc'><strong>1126</strong></span> <span class='ocrx_word' id='word_1_280' title='bbox 562 3571 696 3642; x_wconf 87' lang='lat' dir='ltr'><strong>matrum]</strong></span> <span class='ocrx_word' id='word_1_281' title='bbox 713 3575 789 3624; x_wconf 77' lang='lat' dir='ltr'><strong>mose</strong></span> <span class='ocrx_word' id='word_1_282' title='bbox 808 3571 841 3623; x_wconf 89' lang='lat' dir='ltr'><strong>ut</strong></span> <span class='ocrx_word' id='word_1_283' title='bbox 858 3575 895 3621; x_wconf 83' lang='lat' dir='ltr'><strong>Pa</strong></span> 
     </span>
    </p>
   </div>
   <div class='ocr_carea' id='block_1_9' title="bbox 0 0 1292 3900">
    <p class='ocr_par' dir='ltr' id='par_1_16' title="bbox 0 0 1292 3900">
     <span class='ocr_line' id='line_1_37' title="bbox 0 0 1292 3900; baseline 0 1"><span class='ocrx_word' id='word_1_284' title='bbox 0 0 1292 3900; x_wconf 95' lang='lat' dir='ltr'><strong> </strong></span> 
     </span>
    </p>
   </div>
  </div>
 </body>
</html>
