2575 3900
287 274 584 331 ‚COMMENTARIVS
602 276 643 331 IN
660 275 800 331 LIBltVM
817 277 864 331 Ill.
1019 277 1082 342 III

76 445 188 487 sauma
209 445 311 487 nvnan
331 427 356 485 si
379 427 529 500 semina,
551 428 676 501 propter
693 445 829 503 spumam
846 429 980 506 magicae
999 429 1083 504 artis,

75 516 261 591 sisemita,
289 519 412 592 propter
434 515 588 590 obliquum
611 515 766 592 circulum,
795 535 853 592 quo
877 536 978 577 cursus
1002 538 1083 576 exer·

75 609 163 665 cetur.
213 607 403 664 numerata
439 607 555 679 autem,
594 605 667 680 quia
697 624 751 680 per
781 625 937 664 numerum
968 607 1084 666 dierum

75 695 260 754 flammarum
282 713 403 752 suarum
425 695 586 771 augmenta
609 693 845 770 detrimentaque
868 695 981 771 recipit

51 797 64 836 ⁵
140 785 203 844 559
237 798 513 849 rnussemcvuovn
549 800 648 841 nurus
685 785 780 842 artem
817 785 964 861 magicam
1000 785 1082 861 dicit,

76 874 145 949 quia
167 873 314 932 cadauera
337 873 419 950 cogit
440 873 543 931 fuurra
565 872 743 947 praedicere.
841 891 882 930 Ar
905 891 967 932 non
989 893 1083 933 Paron

74 979 192 1022 sunaus
214 981 286 1020 mnu
308 980 369 1020 non
389 963 425 1019 ut
447 960 565 1037 antiqui
588 979 678 1019 aureo
701 961 818 1020 saeculo
841 962 969 1020 fuerunt.
1006 963 1084 1022 siout

74 1051 219 1128 Virgilius
249 1045 344 1128 <Aen
367 1050 443 1108 VIII
467 1045 570 1129 315>:
606 1045 748 1128 ‘gensque
779 1050 878 1109 uirum
909 1051 1021 1110 truncis
1053 1055 1084 1110 et

74 1141 177 1199 robore
213 1135 305 1198 nata’.
361 1139 400 1197 ad
434 1140 490 1198 hoo
527 1138 690 1198 Saturnum
726 1139 880 1214 expulsum
918 1142 949 1214 et
985 1140 1083 1198 aureis

41 1229 200 1288 *uenenis
230 1228 402 1304 praefuisse.
451 1231 487 1287 ut
517 1230 562 1286 est
591 1223 686 1306 <Aen
709 1228 785 1286 VIII
808 1224 946 1306 324sq.>
981 1223 1107 1287 ‘aurea'

75 1338 151 1394 quae
173 1317 331 1395 perhibent
351 1317 406 1376 illo
430 1317 483 1375 sub
506 1337 575 1395 rege
597 1318 679 1376 fuere
703 1313 841 1377 saecula'.

140 1409 205 1466 560
229 1424 439 1471 scorvmsovn
462 1424 560 1465 seran
582 1406 671 1465 huius
691 1407 811 1465 fabulae
830 1407 909 1483 quod
928 1425 1083 1485 argumen-

74 1499 138 1554 tum
165 1497 221 1570 sit,
244 1496 353 1571 accipe.
398 1495 545 1574 Iuppiter,
574 1515 641 1554 cum
668 1496 784 1554 uideret
805 1497 967 1555 humanum
990 1515 1083 1574 genus

74 1586 179 1643 relicta
201 1584 372 1643 innocentia
394 1584 478 1642 uitiis
501 1603 531 1643 se
555 1585 677 1660 dedisse,
703 1585 911 1644 emendaturus
933 1586 1084 1662 publicam

43 1686 65 1726 1⁵
75 1674 271 1733 mortalitatis
301 1677 415 1749 pestem
451 1673 543 1732 etiam
578 1674 710 1749 periculo
747 1677 872 1732 natiuae
908 1675 1021 1734 diluuio
1054 1678 1085 1733 et

76 1763 215 1822 effusione
252 1763 391 1821 imbrium
427 1765 522 1822 terras
558 1763 677 1839 operuit
712 1765 802 1839 atque
838 1764 882 1822 ite
913 1764 1083 1822 uniuersum

75 1871 167 1929 genus
198 1852 353 1911 hominum
384 1852 503 1910 deleuit.
548 1851 579 1910 in
611 1852 760 1915 communi
791 1853 878 1910 ruina
907 1851 1013 1910 hebuit
1039 1871 1083 1910 re·

74 1942 241 2001 uerentiam
266 1941 371 2018 pietas.
417 1940 581 2001 Deucalion
607 1961 736 2018 namque
764 1943 794 2000 et
820 1941 948 2018 Pyrrha,
976 1941 1084 2001 fratres

76 2031 212 2111 idemque
236 2032 388 2109 coniuges,
416 2050 484 2090 eum
509 2031 629 2089 illibata
652 2030 810 2090 sanctitate
833 2032 1010 2090 meruissent
1031 2051 1084 2089 nu·

42 2120 191 2179 ”minum
221 2120 471 2197 misericordiam,
507 2120 648 2179 nauicula
678 2120 758 2179 neoti
788 2120 920 2197 Delphos
951 2120 1084 2198 impositi

76 2212 161 2268 sunt.
175 2209 276 2284 ibique
303 2209 466 2286 Themidis,
495 2228 570 2284 quae
598 2210 719 2268 oraculo
746 2212 895 2285 praeerat,
927 2210 1086 2269 andierunt

76 2316 263 2373 responsum:
294 2298 338 2356 ita
364 2316 450 2372 posse
476 2298 610 2373 reparari
636 2298 800 2357 humanum
827 2318 934 2376 genus,
966 2300 991 2357 si
1018 2317 1085 2358 ossa

76 2386 182 2445 matris
217 2388 287 2463 post
322 2387 409 2463 terga
443 2386 599 2445 iactarent.
651 2388 808 2447 obscurata
844 2389 955 2446 ueritas
987 2406 1084 2447 errore

149 2580 164 2627 1
184 2575 293 2645 amnis]
312 2572 430 2645 scientia
447 2579 484 2627 Pb
502 2580 615 2644 utroque
634 2575 690 2629 loeo
711 2574 715 2646 1
739 2590 842 2645 magne
860 2579 898 2627 Pe
920 2576 929 2643 11
952 2579 970 2626 2·
987 2571 1065 2642 obliq

76 2650 114 2698 Pb
141 2643 237 2699 oblieu
251 2650 290 2699 Pa
312 2643 458 2714 obliquum
471 2650 523 2698 a!
538 2649 542 2713 1
558 2661 615 2712 qua
628 2650 682 2698 11³
698 2648 702 2715 1
718 2646 832 2700 exercre
848 2650 876 2698 Ι
899 2646 1009 2699 exercet
1021 2650 1062 2697 Η)

77 2720 93 2769 3
113 2732 168 2785 qne
186 2722 225 2768 Pe
250 2718 261 2786 1
286 2716 435 2770 eflamma
453 2732 505 2769 sua
522 2721 560 2769 re
584 2717 589 2785 1
614 2718 787 2785 augumentfi
805 2721 842 2769 Pb
867 2716 871 2787 1
896 2714 1003 2785 recepit
1020 2720 1058 2768 Pe
1113 2757 1115 2761 s

76 2793 92 2841 6
112 2786 182 2857 quia
199 2792 267 2840 tro
300 2804 373 2856 quae
390 2793 453 2840 He
478 2791 483 2857 1
506 2804 541 2839 nr
558 2805 612 2840 nor
630 2804 680 2842 om.
700 2792 719 2839 1.
742 2789 751 2857 11
775 2792 790 2840 7
809 2786 914 2842 fuerint
926 2792 954 2840 Ι
976 2790 980 2853 1
1000 2785 1074 2841 siout

76 2857 118 2913 sie
136 2864 157 2911 1.
189 2861 222 2913 nt
239 2863 276 2911 rb
293 2861 304 2929 11
321 2864 338 2911 8
356 2857 492 2929 Virgilins
512 2860 649 2913 ...nata
667 2875 717 2913 om.
735 2863 757 2910 Ι.
772 2863 776 2926 1
792 2859 884 2914 etom.
903 2863 942 2911 Pr
961 2859 972 2929 11
990 2864 1005 2912 9
1023 2860 1087 2913 nati

76 2935 146 2983 Ira
167 2931 172 2998 1
192 2930 228 2984 ad
246 2929 318 2984 haec
335 2935 382 2982 LP
398 2932 408 3000 11
426 2935 460 2983 10
478 2945 618 2997 aureaque
636 2931 669 2983 nt
686 2934 748 2982 arb
766 2932 776 2999 11
800 2935 831 2983 11
850 2929 1002 3000 prohibent
1020 2936 1057 2983 Pe
1079 2930 1084 3003 1

75 3000 142 3055 illos
162 3007 200 3053 l’e
212 3003 222 3070 11
236 3006 270 3055 12
288 3000 463 3072 Scopuloque
480 3005 517 3054 Pb
531 3003 541 3071 11
555 3006 588 3053 13
607 3000 734 3070 accipere
752 3006 789 3054 Pb
806 3000 810 3072 1
826 3017 914 3072 genus
931 3001 1087 3056 humanum

75 3075 137 3142 Μ
153 3077 189 3125 14
206 3072 286 3126 uitiis
303 3090 354 3127 om.
373 3077 410 3126 Pb
427 3075 431 3141 1
447 3070 557 3126 dedisse
575 3088 643 3128 corr.
663 3074 695 3126 e'c
713 3071 855 3127 dedidisse
869 3078 897 3126 Ι
912 3078 916 3141 1
931 3073 1046 3144 publica
1061 3116 1087 3129 ..

74 3145 157 3213 peste
176 3148 227 3196 ΠΡ
244 3146 254 3213 11
273 3150 306 3197 15
325 3143 412 3199 etiam
430 3160 480 3198 cm.
499 3148 536 3196 Pb
556 3148 561 3212 1
582 3142 709 3213 pericula
727 3149 764 3197 l’b
781 3145 785 3215 1
800 3146 930 3217 naturae]
948 3151 1003 3200 nr're
1021 3149 1057 3197 Pb

75 3213 182 3269 diluuii
199 3219 236 3268 Pb
268 3214 360 3269 dilnui
376 3222 415 3267 Pa
445 3232 495 3270 om.
519 3219 539 3266 L
569 3214 572 3287 1
602 3216 631 3268 et
654 3230 703 3270 om.
727 3220 772 3268 Μ’
803 3217 867 3271 odd.
890 3233 962 3271 mon.
985 3220 1005 3271 2
1027 3220 1054 3268 Ι
1083 3214 1088 3287 1

76 3291 110 3339 16
129 3288 222 3341 terras
239 3285 371 3341 imbrium
388 3292 426 3340 Pb
448 3289 458 3356 11
481 3291 514 3339 17
531 3285 676 3340 hominnm
694 3302 782 3357 genus
800 3292 837 3340 Pb
854 3291 858 3355 1
875 3286 993 3355 deleuit,
1013 3302 1086 3339 com·

73 3357 158 3411 muni
175 3357 265 3412 ruina.
282 3363 303 3410 Ι.
318 3359 323 3429 1
342 3358 373 3411 in
391 3374 565 3412 communem
582 3356 694 3411 ruinam
711 3362 748 3410 Pb
780 3358 811 3411 in
829 3373 974 3412 commune
992 3355 1085 3423 ruine;

74 3431 159 3497 (corr.
179 3430 212 3484 io
229 3428 386 3499 ruina)11
407 3428 480 3484 abiit
497 3433 534 3481 rb
555 3431 559 3497 1
578 3428 737 3483 reuerentia
754 3433 775 3481 Ρ
796 3431 806 3498 11
829 3434 863 3483 18
881 3427 1004 3483 deoaliee
1022 3431 1059 3479 Pe
1076 3425 1088 3498 11

75 3505 111 3553 19
131 3500 257 3555 sanitate
274 3505 343 3554 ssa
356 3502 367 3570 1
379 3505 414 3554 20
432 3499 624 3554 misericordia
642 3504 680 3552 Pa
692 3501 703 3569 11
722 3504 754 3552 21
775 3502 840 3554 sunt
857 3516 907 3555 om.
926 3504 977 3552 11’
993 3499 997 3565 1
1012 3496 1086 3567 ibiq;

72 3588 211 3641 morer.
238 3577 301 3627 01
324 3574 329 3641 1
353 3571 515 3641 111110ώεῖ
546 3588 614 3627 corr.
633 3589 668 3628 ec
689 3570 826 3640 themisq3
845 3575 873 3623 1
899 3572 909 3642 11
935 3568 1087 3623 constris

69 3650 139 3712 poet
156 3644 240 3714 terga
257 3645 373 3700 iterccit
389 3648 417 3696 Ι
432 3645 437 3713 1
453 3641 572 3697 obseura
589 3648 627 3695 Pe

131 3741 207 3784 Lacr.
220 3742 293 3785 Puo.
305 3753 349 3785 ree.
363 3744 379 3787 J
383 3742 481 3785 ahnke.
896 3734 928 3781 12
