2575 3900
322 218 610 276 COMMENTARIVS
628 220 669 275 IN
686 221 826 275 LIBRVM
844 220 890 276 IX.
1051 221 1117 286 423

174 372 237 429 616
262 388 404 430 rnrmcrs
428 371 537 430 seueris
560 371 623 429 siue
645 371 845 431 horribilibus.

176 461 236 519 616
267 477 313 519 s1c
334 478 458 526 ovocva
480 478 549 519 cum
566 460 652 537 uirgo
672 478 734 519 esse
754 461 902 536 desissem,
924 461 1116 523 inhonorem

102 548 234 607 nominis
255 549 302 607 tui
324 552 425 608 tamen
447 549 578 607 uenandi
600 548 701 607 studia
723 568 783 607 non
804 549 928 609 mutaui.

175 640 235 697 617
261 656 385 697 cvnrau
408 639 489 715 quod
510 656 576 697 snm
598 638 735 715 neglecta
758 638 903 713 pudicitia
924 640 1042 700 uitiata.

73 737 89 778 ὁ
175 728 235 786 618
264 744 396 787 carnum
428 727 554 787 sabaudi
586 721 667 803 tibi,
698 722 817 785 Diaua'.
925 746 1116 787 6661166666

102 834 175 873 mox
196 820 307 875 natum
729 836 734 843 ·

173 905 233 965 619
265 922 421 964 conrasas
448 905 634 965 innocentiae
657 904 809 981 proximus
832 908 890 980 est,
920 905 972 981 qui
995 906 1115 982 culpam

172 1084 236 1142 620
256 1100 407 1142 eaonmvs
430 1100 530 1142 ancus
551 1102 621 1143 mox
643 1086 679 1141 66
700 1083 802 1158 potuit
826 1083 865 1141 ad
888 1101 1038 1142 armorum
1062 1102 1114 1142 no·

60 1173 235 1229 rostrorum
255 1190 325 1230 usus
348 1171 479 1233 accessit.

170 1262 236 1319 622
267 1279 342 1327 cvm
369 1279 524 1319 muman
550 1278 670 1321 socrus
700 1261 891 1336 interpositio
924 1278 991 1319 cum
1022 1260 1113 1319 inter-

102 1349 269 1426 rogatione.

168 1439 234 1498 626
258 1456 361 1497 auena
378 1439 501 1499 maiora.
591 1457 634 1497 na
652 1456 761 1499 wenna
781 1456 906 1499 616666
924 1439 950 1497 si
967 1439 1113 1498 uictorem

102 1546 163 1585 non
185 1545 313 1602 possum,
336 1528 468 1603 restitue,
492 1546 611 1604 quaeso,
634 1528 714 1603 diua
737 1529 787 1585 uel
809 1529 930 1587 uictum.

49 1628 86 1667 -15
170 1618 233 1675 626
258 1634 379 1683 661666
393 1634 480 1675 anua
497 1618 674 1692 uenationis,
693 1617 725 1675 id
743 1619 788 1675 est
806 1618 941 1694 sagittas.
1008 1636 1111 1676 ranna

101 1722 252 1780 compesce
275 1705 403 1765 nefanda
425 1706 607 1766 somniorum
630 1706 740 1765 omina.

168 1795 230 1853 627
256 1812 332 1861 ovib
354 1814 452 1871 quare.
542 1811 638 1853 naam
660 1794 816 1853 uocatiuus
838 1797 892 1853 est.

168 1884 231 1941 628
254 1901 418 1943 61666666
440 1884 584 1943 Bacchae.
616 1884 758 1960 quoniam
779 1883 812 1941 in
835 1883 945 1942 somnis
969 1902 1109 1960 quercum

99 1972 218 2031 uiderat
240 1991 258 2032 a
280 1973 386 2032 Libero
408 1977 494 2050 patre
518 1976 549 2032 et
570 1974 696 2033 Bacchis
718 1973 795 2032 forte
817 1973 1002 2048 proscissam.

49 2074 86 2114 4⁰
167 2063 230 2123 629
264 2079 325 2121 ova
351 2081 480 2123 nmunvs
508 2081 599 2139 quare
627 2083 674 2122 mc
705 2061 896 2121 uehementer
925 2062 1001 2121 buc·
1015 2062 1111 2121 trahit

98 2151 237 2226 suspicio,
259 2154 294 2209 66
310 2154 414 2226 putem
432 2151 592 2210 orbitatem
608 2151 683 2210 mihi
702 2150 862 2228 significari
885 2150 999 2210 arbonis
1017 2149 1109 2212 casu?

167 2241 229 2298 632
258 2258 415 2299 morsura
442 2241 480 2300 ob
506 2241 538 2299 id
565 2241 647 2300 dicta
672 2240 824 2316 Dictynna
850 2240 963 2299 Diana:
992 2241 1107 2316 Briton,

98 2327 203 2387 Martis
225 2328 297 2404 filia,
320 2330 406 2406 uirgo
430 2328 578 2388 Cretensis
599 2329 715 2388 Dianae
739 2329 846 2388 dicata.
876 2328 945 2388 huic
968 2347 1034 2388 cum
1057 2350 1109 2388 rex

99 2414 283 2476 Cretensium
304 2417 402 2477 Minos
429 2421 565 2494 stuprum
588 2419 681 2477 uellet
708 2418 830 2494 inferre,
852 2419 907 2476 1116
930 2436 960 2476 se
983 2418 1054 2477 iecit
1076 2419 1108 2484 in

54 2516 85 2558 2⁵
98 2524 178 2564 mare
201 2507 347 2583 illataque
367 2510 413 2565 est
429 2508 542 2566 retibus
559 2506 751 2583 piscatorum,
775 2525 850 2584 quae
870 2505 980 2566 Graece
1004 2506 1107 2566 δίκτυα

97 2595 297 2654 nominantis.
343 2614 361 2654 6
385 2596 492 2672 quibus
514 2597 602 2655 buius
630 2615 736 2672 corpus
763 2596 919 2654 inuentum
941 2598 1108 2655 extractum

97 2687 149 2742 cst.
186 2685 285 2743 insula
307 2687 408 2743 tamen
432 2684 520 2744 Creta
542 2686 715 2761 pestilentia
737 2684 900 2760 laborauit,
925 2703 1014 2760 quam
1038 2703 1107 2744 eua-

165 2930 181 2977 2
199 2923 707 2998 Η16ΙΗ16666666ΙῙΙ1661ΙΙ6666
726 2928 760 2982 ὦ
779 2924 809 2978 in
822 2925 927 2979 honore
945 2930 973 2977 61
985 2928 1024 2995 ΙΙ8
1043 2943 1104 2980 mu·

92 2995 168 3049 tauit
185 3001 212 3048 1
234 2999 244 3065 Ι
266 3002 283 3050 4
301 2995 337 3051 de
354 2996 494 3067 puditicia
511 3002 538 3049 1
563 2999 573 3066 Ι
598 3003 616 3050 a
635 2997 762 3052 ostendit
778 3001 806 3048 61
826 3000 829 3065 Ι
851 2994 1020 3051 subauditur
1043 2999 1053 3068 (
1098 3041 1104 3051 .

92 3066 156 3135 tibi)
174 3073 213 3121 26
228 3070 233 3138 Ι
248 3085 407 3121 summ
424 3074 446 3121 1.
467 3070 477 3137 Ι
500 3074 533 3122 13
551 3066 642 3123 uictor
660 3084 722 3123 csse
740 3074 777 3121 26
796 3070 894 3122 uetare
912 3073 950 3122 26
969 3070 979 3137 ΙΙ
1003 3074 1036 3123 16
1055 3084 1103 3123 66-

93 3137 181 3192 fando
196 3154 342 3208 compcssc
358 3145 396 3192 26
414 3142 424 3208 ΙΙ
447 3145 481 3193 17
500 3157 564 3200 cvm
583 3156 670 3207 quaro
689 3157 739 3196 cm.
757 3144 795 3193 26
816 3141 826 3209 ΙΙ
849 3144 882 3192 18
901 3137 1037 3194 insomnis
1056 3145 1075 3193 L
1092 3139 1104 3212 ΙΙ

94 3214 128 3262 19
145 3212 175 3264 66
191 3209 311 3264 Bacchis
328 3227 379 3266 cm.
398 3216 435 3264 26
456 3211 460 3282 Ι
482 3209 668 3280 praescissam
686 3217 706 3263 Ι.
733 3210 841 3282 pcisarn
859 3215 896 3264 26
923 3213 933 3280 Ι
960 3216 994 3265 20
1012 3209 1103 3266 tradit

92 3297 384 3368 26Ι221116616611
406 3299 523 3354 dictima
541 3305 579 3353 Pa
601 3299 710 3354 dictina
727 3305 764 3354 26
783 3306 896 3370 utroque
914 3299 970 3354 loco
987 3302 991 3368 Ι
1008 3297 1099 3353 dictat

91 3371 138 3439 ΙΙ
158 3368 243 3439 Bryte
261 3372 400 3427 dicituro
417 3373 500 3442 mysi».
519 3370 556 3440 (n
574 3375 618 3440 26)
638 3372 648 3441 ΙΙ
669 3376 703 3424 24
723 3370 923 3426 CretensumI.
950 3369 1102 3424 cretesium

92 3445 129 3493 ra
150 3443 154 3510 Ι
175 3439 278 3496 inferre
302 3441 390 3497 uellet
413 3447 450 3496 26
483 3441 570 3496 661166
594 3448 631 3495 Pa
648 3445 652 3512 Ι
667 3441 737 3497 iacit
760 3447 788 3495 11
815 3445 824 3512 ΙΙ
851 3447 885 3496 25
914 3440 1002 3496 dictis
1030 3445 1103 3495 1126,

21 3527 31 3548 ·
92 3511 167 3566 dictu
184 3518 221 3566 26
241 3516 251 3582 ΙΙ
269 3518 302 3566 26
321 3513 468 3567 inuentum
485 3531 537 3568 om.
554 3519 609 3566 661
626 3516 636 3583 Ι
654 3518 688 3567 27
707 3517 750 3568 est
768 3531 818 3570 om.
837 3519 874 3567 Pb
891 3514 1017 3582 ΙΙ661666
1035 3516 1097 3583 om.)

92 3585 167 3638 creta
185 3584 256 3638 bene
275 3589 311 3637 26
328 3587 332 3653 Ι
349 3590 402 3653 que
421 3590 448 3637 1
465 3600 522 3653 qua
539 3590 576 3638 26
