2575 3900
329 242 617 299 COMMENTARIVS
635 245 676 298 IN
694 244 833 300 LIBRVM
851 245 898 300 IV.
1054 245 1118 309 229

109 397 222 471 potest,
250 394 302 470 qui
328 397 404 453 nutu
430 396 548 452 tantum
575 396 654 472 regit
682 399 713 454 et
735 396 868 455 continet
890 399 1009 470 cuncta,
1037 396 1119 455 cuius

110 483 234 544 arbitrio
257 483 436 559 deseruiunt,
459 483 542 542 cuius
563 503 617 542 nec
636 483 787 543 aestimari
805 487 906 561 potest
922 485 1048 543 mundus
1066 504 1120 544 nec

110 573 217 632 finibus
246 570 366 631 claudi?
415 572 466 630 sed
494 591 560 648 cum
586 574 668 650 magi
695 574 808 632 uellent
833 575 956 633 uirtutis
983 574 1058 649 eine,
1085 576 1121 632 ut

110 662 266 738 putabant,
289 681 351 721 seso
375 661 619 737 comprehendere
639 663 772 739 singulas
791 663 1015 738 appellationes,
1034 663 1120 738 quasi

1 798 2 801 ,
84 764 164 827 oper
195 753 369 810 naturarum
400 752 564 826 potestates
596 751 717 810 abusiue
750 751 837 809 modo
869 751 1063 828 designarunt
1090 754 1120 809 et

1 830 2 899 l
112 840 197 916 quasi
233 840 428 915 plurimorum
463 839 619 897 numinum
652 839 810 898 nobilitate
841 840 937 897 Deum
969 841 1120 917 appellare

112 929 211 988 eonati
234 931 311 1004 sunt,
335 928 420 1004 quasi
438 927 476 986 ab
500 928 605 986 effectu
623 929 764 1005 cuiusque
782 929 825 986 rei
845 928 941 988 ductis
958 929 1119 988 uocabulis.

112 1018 188 1077 sicut
201 1015 337 1093 Orpheus
355 1017 427 1075 fecit
440 1018 471 1074 et
484 1016 609 1092 Moyses,
623 1017 681 1075 Dei
695 1017 801 1075 summi
816 1017 948 1094 antistes,
969 1019 999 1075 et
1015 1017 1120 1076 Esaias

14 1160 17 1167 ,
112 1109 143 1166 et
163 1107 210 1165 his
238 1106 356 1165 similes
403 1105 521 1164 Etrusci
544 1105 720 1164 confirmant
742 1107 916 1182 nympham,
945 1124 1020 1181 quae
1048 1125 1120 1165 non·

72 1209 98 1249 ιο
113 1196 182 1254 dum
205 1197 300 1271 nupta
322 1195 421 1269 fuerit,
444 1194 628 1270 praedicasse
648 1195 769 1253 maximi
788 1195 844 1253 Dei
862 1214 970 1254 nomen
988 1195 1121 1254 exaudiri

111 1285 148 1344 ab
180 1285 297 1343 homine
330 1303 383 1359 per
413 1286 537 1342 naturae
570 1284 767 1361 fragilitatem
794 1284 1048 1359 pollutionemque
1075 1284 1121 1341 fas

1 1428 2 1431 ,
111 1393 170 1433 non
202 1392 274 1432 esse.
323 1372 402 1448 quod
433 1375 468 1430 ut
498 1372 682 1432 documentis
714 1375 870 1447 assereret,
901 1373 933 1431 in
963 1375 1122 1448 conspectu

1 1504 2 1541 3
111 1465 275 1522 ceteromm
302 1462 341 1519 ad
368 1480 469 1519 aurem
495 1461 581 1537 taciti
606 1461 663 1520 Dei
691 1480 798 1520 nomen
825 1462 1005 1536 nominasse,
1034 1480 1121 1536 quem

110 1552 180 1610 ilico
212 1554 247 1610 ut
278 1550 426 1608 dementia
458 1552 626 1626 correptum
659 1554 690 1608 et
721 1550 813 1609 nimio
841 1550 958 1609 turbine
986 1553 1122 1610 coactum

71 1653 97 1692 15
112 1632 302 1700 exanimasse.
340 1641 409 1697 sunt
430 1639 481 1715 qui
505 1657 535 1697 se
553 1671 598 1679 -
615 1639 687 1698 ficet
710 1641 823 1698 secreto
850 1671 887 1680 —
913 1639 986 1698 scire
1010 1639 1121 1714 dicunt,

112 1730 162 1788 sed
180 1729 290 1787 falsum
309 1728 414 1803 sciunt,
434 1727 575 1803 quoniam
593 1746 639 1786 res
658 1727 818 1786 ineffabilis
836 1728 1047 1804 comprehendi·
1062 1746 1122 1785 non

111 1820 218 1895 potest.

7 1956 9 1960 .
179 1909 242 1967 518
270 1923 328 1966 vos
355 1922 450 1981 ayma
479 1899 603 1965 ‘inferne
630 1923 718 1967 canes
746 1905 862 1966 eliciam
890 1907 944 1965 aut
969 1898 1122 1981 insequar'

112 1997 202 2056 deest.
979 2012 981 2017 ·

71 2098 96 2137 2⁰
115 2128 120 2135 .
179 2086 243 2143 524
261 2103 301 2142 nr
320 2102 399 2143 srrx
417 2102 493 2160 quae
511 2086 613 2142 meatu
626 2102 679 2142 suo
693 2102 795 2143 manes
813 2082 954 2143 discernit
967 2102 985 2142 a
999 2084 1121 2159 superis.
1131 2092 1199 2135 Lind·
1210 2104 1231 2142 r·
1242 2092 1282 2134 1⁴⁵

110 2178 146 2234 ut
167 2170 262 2253 <Aen
280 2172 324 2230 VI
342 2168 429 2251 439>
452 2168 495 2231 ‘et
520 2172 623 2231 nonies
647 2172 722 2248 Styx
744 2173 889 2231 interfusa
911 2168 1045 2232 coercet’.
1092 2176 1123 2231 et

110 2264 177 2322 ideo
200 2263 249 2321 hic
271 2262 452 2320 interflua
473 2261 648 2320 nominauit.

180 2353 243 2411 527
262 2367 384 2410 rvnorus
398 2366 565 2409 mannos
579 2349 766 2427 Pythagoras
781 2349 855 2409 dicit
872 2350 930 2410 duo
950 2369 1011 2409 esse
1030 2350 1122 2408 hemi-

110 2440 259 2517 sphaeria,
278 2438 384 2516 quibus
402 2439 539 2514 proprios
557 2438 627 2498 deos
646 2438 787 2515 assignat.
824 2440 854 2496 et
871 2439 945 2497 facit
964 2439 1122 2514 superioris
1232 2462 1234 2465 ·

2 2581 4 2596 ‚
71 2541 97 2595 ²‚5
111 2550 212 2607 regem
229 2529 332 2586 Iouem
355 2530 386 2586 et
407 2528 541 2604 reginam
559 2527 712 2601 Iunonem,
735 2527 883 2585 inferioris
902 2528 1003 2585 Ditem
1021 2527 1123 2585 louem

186 2685 202 2733 2
217 2678 336 2744 mundus
351 2696 401 2734 om.
416 2683 437 2730 Ρ
449 2681 459 2749 fl
473 2683 489 2731 3
502 2677 594 2747 magis
607 2683 645 2731 ΡΒ
661 2680 666 2749 Ι
682 2677 801 2732 uirtutes
815 2695 884 2733 corr.
899 2695 933 2733 eu
946 2675 1060 2730 uirtutis
1074 2683 1102 2729 1
1113 2677 1125 2750 ΙΙ

48 2783 51 2787 ·
112 2759 131 2806 4
148 2767 212 2819 Q
230 2749 387 2863 11111111εῇ
407 2765 483 2818 quas·
497 2754 559 2802 LPa
572 2751 611 2819 {15
631 2748 851 2820 designauerunt
868 2754 906 2802 Pa
920 2750 959 2818 [16
977 2752 1124 2802 numerum

111 2828 148 2876 ΡΒ
166 2824 170 2894 Ι
185 2821 378 2877 nobilitatem.
408 2823 418 2890 ΙΙ
441 2827 456 2874 ‘1
476 2819 577 2875 ductus
594 2826 633 2873 Ρι
655 2822 665 2889 ΙΙ
687 2824 703 2872 8
721 2819 824 2873 moises
842 2836 911 2875 corr.
930 2836 964 2874 ea
982 2817 1078 2873 moisis
1097 2825 1125 2871 Ι

110 2893 206 2947 missis
224 2899 262 2947 Ρι
277 2893 282 2965 1
298 2909 421 2947 summus
440 2890 486 2946 dai
500 2896 537 2944 ΡΒ
553 2892 558 2964 Ι
574 2890 681 2945 esesias
698 2908 767 2946 corr.
781 2893 814 2945 iu
832 2889 923 2944 esaias
936 2895 964 2943 Ι
985 2888 1072 2944 isaias
1085 2896 1123 2944 ΡΒ

111 2964 186 3019 esais
204 2970 242 3017 Pa
267 2966 278 3034 fl
304 2970 321 3018 θ
341 2962 407 3017 dum
429 2967 598 3017 nonme
624 2964 634 3032 Ι
658 2967 691 3016 10
709 2960 795 3015 fuerit
817 2978 884 3016 corr.
904 2964 935 3015 iu
960 2960 1053 3016 fuerat
1070 2968 1097 3014 11
1235 2965 1236 2969 ’

111 3034 235 3090 maxime
249 3039 300 3088 ΠΡ
313 3036 323 3105 l
338 3040 369 3088 11
385 3035 422 3089 ab
435 3033 548 3088 homine
562 3034 639 3090 Mon.
655 3032 796 3087 hominem
809 3038 903 3085 LlPa
923 3032 1050 3088 homines
1063 3038 1101 3086 ΡΒ

3 3094 8 3154 ι’
111 3110 244 3161 naturam
261 3110 299 3158 ΡΒ
333 3109 451 3160 naturas
469 3112 507 3159 Ρι
543 3123 612 3161 corr.
635 3108 668 3160 ic
691 3106 791 3158 nature
812 3106 858 3175 11
874 3102 1046 3174 fragilitates
1065 3111 1102 3157 Pa

4 3199 5 3226 l
113 3183 147 3231 12
167 3179 329 3231 asseroth.
365 3180 491 3231 asserent
508 3181 550 3229 ΡΒΙ
573 3179 582 3246 l
610 3182 643 3229 13
662 3174 750 3229 tacito
768 3180 788 3227 Ρ
824 3191 893 3231 corr.
912 3178 1073 3231 claudetur
1091 3192 1124 3229 ex

110 3248 240 3303 taciti!
268 3247 343 3302 tauri
360 3249 452 3318 Β1114
469 3246 546 3302 illico
564 3249 650 3316 LPall
665 3252 697 3300 15
717 3248 781 3300 sunt
798 3246 848 3315 qui
867 3246 908 3317 se]
929 3245 953 3300 si
972 3262 1025 3315 que
1044 3246 1069 3299 si
1086 3251 1124 3299 Pe

113 3320 138 3374 si
163 3318 212 3389 qui
230 3324 267 3372 ΡΒ
294 3320 304 3389 ΙΙ
331 3324 364 3373 16
383 3319 445 3390 scd]
467 3318 491 3373 si
508 3325 546 3372 Pu
579 3335 600 3386 s,
619 3324 647 3370 1
678 3334 728 3373 om.
746 3323 766 3370 L
791 3321 796 3387 Ι
820 3316 974 3372 ineffabilis
992 3333 1036 3371 res
1055 3321 1091 3368 ΡΒ
1114 3316 1118 3387 Ι

113 3395 148 3445 18
167 3407 251 3445 canes
269 3389 377 3444 infame
394 3395 432 3443 ΡΒ
452 3390 457 3461 l
477 3388 524 3443 uel
541 3396 562 3442 L
584 3391 593 3460 ΙΙ
614 3395 648 3443 20
667 3408 700 3441 ar
718 3404 767 3443 om.
787 3393 807 3440 L
832 3393 835 3456 Ι
860 3388 902 3443 six
921 3394 959 3441 Ρι
994 3388 1042 3441 fax
1059 3391 1096 3440 ΡΒ

112 3460 278 3517 decernit?
299 3463 310 3531 ΙΙ
332 3467 364 3515 21
384 3463 414 3515 et
431 3478 482 3516 om.
500 3465 538 3513 ΡΒ
560 3463 570 3530 fl
593 3466 626 3513 22
645 3460 675 3513 in
693 3475 726 3513 eo
744 3465 782 3512 Pa
798 3462 802 3528 Ι
822 3458 868 3513 hic
887 3477 937 3514 om.
957 3463 1002 3511 ΒΡ
1018 3460 1022 3526 Ι
1038 3457 1123 3511 inter·

111 3533 169 3588 flua
183 3539 203 3586 L
216 3534 227 3602 n
239 3537 274 3586 23
289 3548 350 3586 esse
364 3548 414 3586 om.
424 3537 462 3585 Ρι
475 3533 485 3601 l
499 3537 534 3584 24
548 3530 693 3601 assignant
701 3536 739 3584 Pa
752 3532 761 3601 l
776 3536 809 3584 26
824 3532 853 3584 et
865 3530 993 3600 reginam
1006 3545 1056 3583 om.
1067 3528 1121 3600 ΡιΙ

111 3602 254 3659 inferioris
269 3647 275 3657 .
291 3646 297 3658 .
314 3647 319 3657 .
335 3602 464 3672 Stygiam
477 3603 611 3656 lunonem
625 3619 675 3657 om.
685 3608 723 3656 Pa
739 3602 743 3673 l
758 3600 898 3656 inferioris
913 3599 1073 3653 inferiorem
1086 3604 1123 3652 ΡΒ
