2575 3900
183 197 248 262 120
416 197 706 254 consonuimus
724 197 765 251 ru
781 172 921 252 amnui
937 198 973 253 11.

182 349 213 405 et
225 347 339 422 peritus
353 348 504 406 scelerum.
523 349 594 423 quia
607 349 754 408 inuidioso
768 365 925 426 aggressus
939 349 1038 406 iuerat
1050 349 1184 409 Eteoclen

182 435 299 510 Tydeus
318 436 435 513 legatus
453 437 560 495 missus
578 456 597 494 a
615 437 766 513 Polynice,
783 437 853 496 inde
870 438 932 495 iam
950 437 1072 515 cogitat,
1092 458 1185 514 quen·

183 523 342 583 admodum
364 525 489 584 insidias
511 529 678 601 praeparet

249 615 311 673 486
336 631 375 670 nr
395 631 536 674 annorvm
555 614 696 673 diffinitio
713 614 815 692 legati.
845 618 960 674 etcum
978 615 1186 674 exclamatione

181 702 443 777 pronuntiandum.
457 705 493 761 ut
502 721 618 762 sensum
628 703 868 782 exaggerationis
878 704 1042 783 adiuuaret,
1057 706 1185 764 sanctim
1212 723 1227 762 5

181 790 341 868 legationis
364 811 471 850 nomen
494 792 610 852 adiecit.
657 855 660 861 ,

249 882 313 940 488
342 898 416 947 cvm
443 898 554 941 xnoms
581 901 644 941 uon
670 901 742 941 vnn
770 900 861 942 cvm
888 882 1056 960 indignatio
1082 884 1187 958 poetae

182 969 304 1027 auxesin
326 969 405 1028 fecit.
451 971 525 1029 dicit
547 972 639 1030 enim:
681 972 753 1047 qnid
775 991 835 1031 non
857 971 918 1030 uile
941 971 1024 1030 duoit
1047 971 1187 1048 iegnandi

182 1057 351 1134 cupiditas?
1168 1077 1173 1087 ’

249 1150 314 1209 490
329 1165 478 1208 oscuras
492 1167 626 1207 orn-vn
640 1166 755 1208 sonnvs
765 1151 926 1225 antequam
934 1149 996 1224 fiat,
1009 1149 1043 1206 de
1053 1149 1188 1225 potentia
1201 1170 1230 1208 ro

182 1236 368 1301 aduersantis
399 1237 550 1312 timidum,
581 1240 652 1313 post
679 1238 714 1296 de
742 1238 922 1296 conscientia
948 1239 1030 1298 iuxta
1057 1237 1189 1296 Tullium

182 1325 328 1384 dicentem
346 1320 421 1402 <pro
439 1325 501 1382 Mil.
522 1320 598 1403 61>:
622 1321 669 1384 ‘ut
690 1327 766 1384 nihil
787 1327 922 1405 timeant,
946 1327 995 1403 qai
1017 1327 1093 1401 nihil
1111 1345 1189 1386 oom-

181 1414 329 1488 miserint,
358 1416 389 1471 et
415 1432 542 1488 poenam
569 1433 685 1491 semper
711 1418 781 1474 ante
809 1417 910 1475 oculos
935 1416 1048 1474 uersari
1074 1418 1189 1491 putent,

183 1502 234 1576 qui
256 1497 464 1576 peccauerint'.
510 1503 675 1562 timidum
698 1505 828 1582 scelus,
858 1505 938 1581 quod
962 1505 1020 1563 nisi
1043 1523 1061 1563 a
1083 1505 1189 1562 timen-

181 1590 261 1648 tibus
283 1609 343 1649 non
367 1591 570 1652 committitur.
599 1593 651 1651 sed
672 1596 774 1651 utrum
796 1595 852 1652 hoo
875 1595 913 1652 ad
930 1593 1072 1652 Eteoclen
1090 1594 1190 1669 refert,
1203 1613 1234 1652 15

183 1678 234 1754 qui
257 1680 416 1738 sceleratus
440 1682 492 1758 est,
517 1681 587 1756 quia
611 1682 745 1757 Tydeum
766 1682 868 1757 timet,
892 1702 929 1742 an
952 1682 991 1740 ad
1012 1683 1081 1741 illos
1105 1683 1190 1758 quin·

183 1768 336 1846 quaginta,
355 1788 428 1845 quos
451 1769 517 1828 ideo
540 1774 710 1848 parauerat,
733 1771 804 1846 qnia
822 1769 967 1832 timebat?
989 1771 1115 1846 denique
1134 1772 1191 1830 hoo

182 1858 330 1933 sequitur:
392 1877 465 1917 nx1r
483 1877 515 1918 nt
533 1877 617 1919 vuvn
635 1877 731 1918 Panas
749 1879 849 1920 annno
869 1860 939 1935 quia
951 1860 1067 1919 insidiis
1082 1860 1190 1937 agitur.

183 1949 213 2005 et
244 1948 300 2007 hoo
331 1947 398 2007 ideo
430 1948 582 2026 timidum,
613 1952 649 2008 ut
680 1949 720 2008 sit
753 1950 915 2026 catalogus
960 1949 1062 2026 plebs
1089 1953 1191 2009 autem

183 2036 265 2112 dixit,
288 2040 324 2095 ut
344 2037 490 2095 inuidiam
512 2058 634 2097 numero
657 2039 713 2097 hoc
735 2040 853 2098 nomine
881 2042 1074 2114 compararet
1116 2040 1192 2097 exit
1205 2057 1236 2097 ao

181 2125 218 2182 in
236 2144 353 2183 unum:
378 2126 449 2201 quia
470 2128 563 2185 scelus
587 2128 771 2186 commissuri
793 2127 881 2204 pauci
904 2127 1058 2203 timebant,
1080 2128 1191 2188 idcireo

182 2213 282 2287 plures
314 2217 490 2275 armauerat.
542 2219 575 2274 at
606 2218 710 2275 contra
740 2217 828 2276 unius
860 2216 954 2292 Tydei
986 2220 1077 2293 caput
1107 2218 1193 2292 plebs

181 2302 282 2360 iurata
305 2304 465 2381 consurgit.
549 2306 551 2313 ’

249 2392 312 2451 495
337 2408 440 2449 nnorn
464 2410 552 2451 annin
579 2393 645 2452 laus
668 2394 775 2470 Tydei,
798 2394 880 2453 cuins
902 2394 999 2459 uirtus
1021 2414 1082 2454 non
1103 2396 1194 2453 unius

181 2480 352 2539 insidiantis
375 2480 508 2539 dextram
530 2482 635 2558 poscit
1208 2502 1239 2541 ss

254 2776 444 2830 letheoolem
465 2780 502 2828 Pb
534 2778 544 2846 11
575 2781 591 2829 3
614 2778 778 2845 prepararet
800 2782 869 2829 11²2
902 2778 906 2847 l
940 2784 957 2831 4
981 2777 1101 2833 difinitio
1121 2784 1162 2831 Pa
1185 2777 1197 2851 ll

182 2853 197 2899 5
213 2848 353 2918 sanctum]
367 2846 520 2901 secundnm
534 2850 680 2903 taratara
692 2851 729 2899 Pb
743 2850 753 2918 ΙΙ
767 2848 881 2920 seven]
896 2866 973 2902 ovrm
986 2848 1015 2903 id
1026 2852 1197 2920 estputatl.

181 2918 265 2987 putat
282 2922 352 2969 11²1>
370 2934 426 2971 non
444 2919 528 2987 putat
545 2924 583 2971 Pe
599 2920 603 2987 Ι
618 2917 814 2988 indignatione
827 2925 866 2972 Pa
878 2921 887 2988 ΙΙ
902 2924 918 2973 8
932 2936 1013 2974 aures
1028 2919 1126 2975 infecit
1141 2926 1172 2973 Ι

182 2985 303 3041 auxexin
320 2993 358 3039 Pa
385 2988 514 3041 auxexim
528 2994 565 3041 Pb
582 2989 586 3060 Ι
603 2988 693 3061 ducit]
712 2992 795 3060 putat
812 2995 849 3043 Pb
863 2991 872 3060 ΙΙ
888 2996 921 3043 10
938 2992 1031 3046 Antea
1049 3008 1136 3059 quam
1155 2992 1192 3065 L}

182 3064 213 3111 11
241 3057 275 3110 de
298 3074 349 3112 om.
372 3064 410 3111 Pa
440 3062 450 3127 ΙΙ
482 3065 514 3112 12
540 3059 639 3132 nihil¹]
669 3078 759 3129 neque
787 3062 878 3116 Cicero
908 3063 918 3130 ΙΙ
951 3067 984 3115 13
1009 3079 1118 3132 semper
1140 3081 1196 3119 om.

181 3134 201 3181 L
223 3130 232 3199 l
257 3132 291 3181 14
308 3128 452 3197 peccarint
471 3130 563 3185 Cicero
585 3133 595 3201 ΙΙ
618 3138 651 3187 15
670 3132 722 3204 heo
740 3138 777 3185 Pb
800 3135 809 3202 ΙΙ
833 3137 866 3186 16
885 3131 934 3201 qui
952 3133 1020 3201 quia
1038 3134 1199 3188 sceleratus

182 3202 233 3269 est,
252 3197 416 3268 TydeumL
443 3201 513 3270 1117
531 3205 666 3271 paruerat
683 3209 721 3256 Pa
739 3204 744 3276 Ι
764 3204 829 3275 hoc]
849 3208 887 3258 ad
905 3209 933 3256 Ι
959 3207 968 3274 ΙΙ
994 3210 1027 3258 18
1046 3204 1196 3278 exilsfffssn'

180 3288 312 3342 supcrscr.
337 3269 405 3324 exiit
427 3269 457 3323 in
479 3276 537 3325 unu
555 3278 582 3325 1
602 3274 606 3346 Ι
627 3282 850 3344 praecocuntur,
868 3282 998 3346 corrupta
1015 3282 1087 3331 aaut.
1124 3276 1201 3345 quia

180 3342 291 3395 insidiis
311 3340 405 3411 agitur
426 3349 546 3414 spectare
567 3346 700 3400 rodomas
721 3348 759 3400 ad
782 3364 867 3399 orror
885 3364 1015 3401 conann.
1040 3363 1094 3416 pro
1113 3349 1200 3401 cata-

180 3414 261 3483 logus
276 3413 399 3468 Meicers
408 3416 542 3483 proponit
560 3414 705 3485 ὑπαλλαγή
717 3418 728 3485 ΙΙ
741 3422 776 3469 20
791 3416 902 3471 inuidia
914 3424 953 3470 Pa
968 3422 973 3489 Ι
987 3434 1135 3473 numeroso
1150 3424 1174 3470 Ι.
1191 3419 1197 3491 Ι

180 3484 305 3624 nomine?
323 3501 438 3540 numero
456 3491 493 3539 Pb
511 3489 515 3554 Ι
531 3485 600 3539 exiit
613 3492 641 3539 Ι
659 3489 677 3610 (p
703 3492 737 3540 21
755 3486 878 3542 timebat
894 3494 932 3542 Pb
954 3492 964 3559 ΙΙ
986 3495 1021 3543 22
1040 3488 1202 3544 armauerit

182 3554 219 3607 ad
236 3557 292 3625 Pht
311 3560 344 3608 23
363 3555 457 3611 uitata
474 3562 511 3609 Pb
525 3560 534 3626 ΙΙ
549 3563 582 3610 25
601 3556 657 3611 insi
678 3556 745 3611 iatia
764 3557 814 3612 uni
831 3565 869 3612 Pb
886 3562 890 3630 Ι
907 3559 1051 3614 dexteram
1069 3565 1138 3613 Il’a
