2575 3900
436 1018 791 1097 PRAEFATIO.

174 1309 329 1368 Praesenti
348 1309 422 1367 mihi
445 1309 523 1368 hunc
541 1308 651 1367 librum
673 1308 801 1368 maxima
819 1309 851 1367 id
870 1309 1018 1386 agendum
1040 1309 1122 1368 uide·

105 1404 167 1475 bur,
189 1419 227 1457 ne
251 1398 317 1474 quis
339 1398 466 1458 nimium
484 1400 641 1474 exspectet
674 1417 745 1456 nam
767 1417 949 1474 quamquam
971 1399 1025 1458 hos
1044 1417 1122 1458 com·

107 1488 272 1547 meritorios
299 1487 428 1546 edendos
455 1487 562 1550 abhinc
590 1505 641 1545 sex
663 1487 725 1545 fere
748 1505 842 1546 annos
869 1488 998 1564 suscepi,
1020 1491 1123 1546 tamen

108 1578 189 1654 quod
217 1577 290 1635 mihi
317 1594 532 1652 proposueram
558 1578 594 1634 ub
620 1576 808 1652 perfecerim,
830 1579 950 1636 tantum
973 1577 1065 1653 abest,
1088 1579 1123 1635 ut

108 1667 282 1743 saepissime
305 1665 436 1724 muneris
459 1665 585 1741 aliisque
610 1665 716 1724 officiis
740 1665 863 1724 obrutus
885 1666 921 1724 de
946 1685 1033 1742 opere
1057 1682 1123 1742 per·

108 1756 236 1816 ficiendo
260 1755 485 1830 desperauerim.
517 1773 623 1813 reuera
640 1755 690 1814 hic
708 1754 784 1812 liber
801 1774 954 1831 nunquam
972 1756 1123 1814 confectus

110 1848 198 1921 esset,
221 1844 280 1903 nisi
298 1844 372 1902 satis
390 1844 558 1903 habuissem
576 1843 804 1902 fundamentum
822 1843 934 1919 iecisse,
958 1863 1016 1919 quo
1038 1843 1124 1902 nixos

111 1935 188 1995 alios
220 1933 309 2011 plura
338 1933 572 2012 inuestigaburos
601 1950 664 1993 esse
696 1952 789 2009 spero.
830 1933 914 1992 nolui
945 1933 1040 2011 igitur
1071 1934 1125 1992 aut

111 2042 215 2085 omnes
245 2023 315 2081 illos
344 2023 458 2082 codices
488 2023 683 2101 perlustrare,
712 2023 818 2099 quibus
844 2024 950 2082 horum
977 2042 1125 2081 commen-

111 2114 260 2173 tariorum
277 2115 378 2187 puras
396 2112 524 2171 maiores
541 2112 591 2170 uel
609 2112 739 2171 minores
758 2112 956 2188 continentur,
975 2114 1029 2170 aut
1046 2112 1125 2187 illos,

112 2194 241 2279 quorum
264 2201 447 2279 marginibus
470 2201 543 2259 haec
562 2201 675 2260 scholia
693 2201 754 2260 fere
773 2201 874 2259 omnia
892 2201 1016 2261 adieobis
1038 2202 1125 2260 nouis

110 2291 266 2366 adscripta
288 2292 365 2349 sunt.
407 2290 458 2349 sed
481 2290 520 2348 ad
546 2292 662 2348 terbum
684 2290 901 2349 restituendum
928 2308 978 2349 eos
1006 2293 1126 2349 tantum

111 2380 237 2440 adhibui
268 2379 373 2454 libros,
402 2379 508 2455 quibus
540 2378 597 2438 soli
628 2379 834 2438 commentarii
865 2379 1032 2438 truduntur.
1074 2379 1126 2454 qui

111 2473 184 2529 sunt
207 2469 298 2638 code?
316 2468 502 2527 Monacensis
523 2468 630 2528 19482
651 2461 716 2550 (Μ)
739 2471 770 2527 eb
794 2468 924 2527 Parisini
943 2470 1029 2528 8063
1049 2460 1125 2548 (Pa)

112 2563 144 2618 eb
168 2559 255 2619 8064
293 2560 367 2616 Pb.

182 2646 281 2707 Codex
303 2549 489 2706 Minacensis
514 2646 636 2720 19482,
660 2664 748 2721 quem
770 2646 896 2723 benigue
920 2645 1127 2703 transmissum

113 2736 318 2797 Gonfluenbiae
351 2734 478 2808 contuli,
509 2735 541 2792 in
572 2734 724 2812 Philologi
755 2736 814 2794 uol.
837 2734 936 2792 XXIV
963 2754 991 2810 p.
1017 2736 1079 2794 156
1109 2752 1128 2791 a

111 2826 286 2885 Woelfflino
305 2824 454 2883 laudatur.

205 2913 344 2973 Oodicem
357 2912 527 2972 Parisinum
542 2914 637 2988 8063,
657 2931 744 2987 quem
762 2912 969 2971 Kohlmannus
982 2913 1014 2971 in
1027 2911 1128 2970 Philo-

112 3004 177 3083 logi
209 3004 269 3063 uol.
293 3002 422 3061 XXXIII
448 3021 477 3077 p.
503 3004 564 3060 129
581 3020 623 3076 sq.
657 3001 825 3077 descripsit,
847 3005 883 3059 ut
904 3002 1028 3060 Parisiis
1050 3020 1128 3061 oom-

111 3112 263 3170 pararem,
277 3091 405 3168 contigit
423 3091 496 3149 mihi
509 3090 633 3149 Veoneri
652 3109 763 3169 magna
776 3109 848 3168 erga
860 3110 907 3149 me
921 3090 1129 3149 beneuolenbia

113 3202 193 3242 anuo
218 3182 247 3240 h.
272 3200 293 3239 e.
317 3180 509 3257 nonagesimo
533 3180 631 3238 berbio.

183 3270 323 3331 Codicem
345 3269 515 3328 Parisinum
530 3270 639 3343 8064,
668 3267 720 3343 qui
742 3268 846 3328 eodem
872 3269 937 3328 loco
966 3288 1025 3345 quo
1048 3267 1130 3342 prior

114 3361 284 3435 descriptus
303 3362 356 3434 est,
379 3359 411 3418 in
434 3358 490 3417 hac
512 3357 584 3416 urbe
608 3358 824 3417 Elberfeldensi
848 3358 969 3417 contuli.

181 3449 309 3508 Praeter
335 3448 390 3506 hos
417 3448 532 3506 codices
564 3447 674 3506 librum
697 3439 754 3530 (L)
782 3446 918 3521 adhibui,
946 3446 993 3505 oui
1022 3444 1131 3503 tibulus

113 3540 163 3600 hic
182 3540 245 3598 est:
270 3532 401 3613 ‘Papinii
421 3535 537 3595 Surculi
557 3536 647 3595 Statii
667 3554 758 3612 opera
776 3555 852 3612 quae
871 3537 982 3593 exbanb
1015 3532 1131 3591 Placidi
