2575 3900
337 172 624 246 counanrnmve
642 191 683 244 m
700 191 841 245 amaru
859 191 891 244 11.
1061 190 1127 254 119

117 343 178 401 eius
201 343 335 419 immisit,
360 343 411 418 qui
432 343 560 400 uastatis
584 340 757 417 Calydoniis
779 342 866 400 terris
886 340 1067 416 Calydonius
1090 342 1128 399 ab

118 433 187 490 urbe
201 432 309 509 gentis
333 434 378 489 est
401 431 577 506 appellatus.
624 431 707 489 cuius
733 431 854 488 feritate
878 429 993 489 Oeneus
1015 431 1128 488 fractus

119 520 246 580 edictum
265 521 327 578 tale
345 520 509 597 proposuit,
531 523 567 578 ut
589 519 743 578 dimidiam
763 520 847 596 regni
866 523 982 594 partem
1001 522 1128 596 caperet,

121 609 172 682 qui
192 611 358 668 monstrum
376 609 582 668 interemisset.
610 609 753 686 Meleagri
771 609 868 666 uirtus
886 609 1051 684 periculum
1068 628 1129 666 non

78 714 105 753 .s
119 699 247 774 expauit,
272 699 418 773 siquidem
435 698 498 756 eius
516 697 595 756 filius
615 697 746 772 undique
764 698 951 756 iuuentutem
973 698 1129 756 collectam

120 786 160 843 ad
186 787 269 845 illam
296 788 367 845 noui
394 787 510 863 generis
539 786 757 861 expeditionem
778 787 907 844 uocauit.
953 787 1032 844 inter
1055 805 1129 862 quos

120 875 211 932 etiam
229 876 372 934 Atalante
391 875 538 950 conuenit,
557 875 628 933 Iasii
647 875 718 952 filia,
742 894 856 933 summa
874 876 1019 933 uenatrix.
1053 894 1129 950 quae

118 964 152 1021 in
175 964 298 1023 saltibus
320 965 418 1041 prima
442 965 573 1024 omnium
596 965 781 1039 praedictum
805 982 910 1039 aprum
933 964 1045 1040 sagitta
1063 984 1129 1039 per·

119 1053 219 1110 cussit.
265 1057 368 1128 postea
397 1054 547 1130 Meleager
575 1053 607 1110 in
639 1071 670 1111 se
697 1053 865 1111 uenientem
892 1053 987 1110 feram
1015 1054 1130 1128 excepit

74 1159 105 1196 ιο
118 1142 335 1217 interemitque.
383 1145 413 1200 et
441 1145 545 1219 gratus
573 1142 715 1200 aduersus
741 1141 873 1216 puellam
895 1141 1026 1215 futurus,
1053 1160 1129 1216 quae

119 1230 200 1288 inter
230 1231 311 1289 uiros
341 1249 476 1290 successu
506 1231 628 1288 uirtutis
661 1231 821 1307 enituerat,
858 1230 966 1304 pellem
1003 1231 1130 1288 monstri

117 1319 201 1376 illius
234 1338 302 1378 cum
333 1321 429 1396 capite
462 1320 488 1378 ei
521 1320 603 1378 dedit
630 1320 669 1377 ad
696 1319 900 1378 testimonium
927 1319 1032 1376 laudis,
1079 1319 1130 1377 sed

117 1427 226 1466 munus
258 1411 409 1484 peractum
438 1409 614 1468 fortitudine
641 1408 756 1466 inuidia
783 1409 923 1483 prodidit.
968 1407 1129 1483 Plexippus

116 1515 246 1571 namque
272 1500 302 1555 et
323 1497 450 1574 Agenor,
473 1498 616 1574 Meleagri
640 1497 788 1572 auunculi,
811 1497 960 1574 indignati
984 1499 1053 1555 sunt
1073 1497 1130 1555 sibi

73 1603 102 1642 15
115 1586 287 1662 praelatam
309 1586 398 1645 fuisse
420 1577 577 1668 uirlginem
600 1588 630 1644 et
651 1605 717 1644 eam
735 1586 812 1645 dono
832 1587 1043 1661 spoliauerunt
1069 1605 1129 1661 qua
1142 1596 1277 1644 Lindo-6⁹

116 1675 309 1734 contentione
332 1676 397 1733 fata
419 1675 475 1734 sibi
497 1677 693 1733 maturauere.
722 1675 753 1732 id
776 1675 855 1732 enim
877 1675 1050 1751 indignatus
1067 1675 1129 1733 Me·

115 1765 220 1840 leager
247 1765 504 1841 consanguinitate
536 1765 652 1822 calcata
682 1764 786 1821 matris
816 1782 885 1822 suae
913 1764 1037 1821 fratrem
1063 1764 1129 1822 Ple-

115 1853 242 1928 xippum
266 1853 375 1912 occidit
397 1853 509 1929 sibique
532 1847 637 1912 matris
661 1853 799 1910 affectum
822 1853 954 1910 abstulit.
1000 1852 1130 1910 Althaea

115 1941 266 2017 siquidem
290 1942 359 2000 dum
383 1943 478 2001 saeuit
499 1942 613 2001 ultione
636 1961 854 2019 germanorum,
876 1941 1022 2015 titionem,
1041 1961 1130 2016 quem

72 2052 100 2090 eo
115 2032 249 2090 habebat
279 2032 427 2090 occultum
449 2064 493 2073 —
517 2032 582 2108 qui,
615 2051 683 2089 curn
709 2031 859 2107 Meleager
884 2033 1066 2107 nasceretur,
1098 2031 1131 2089 in

115 2120 202 2197 regia
236 2120 333 2179 subito
367 2123 546 2196 apparuerat
578 2121 641 2179 eius
673 2120 769 2197 sortis
801 2123 837 2178 ut
866 2120 983 2179 iuuenis
1014 2120 1131 2178 tamdiu

115 2209 243 2283 uiueret,
272 2210 370 2284 quoad
395 2210 421 2267 is
444 2212 521 2268 esset
544 2212 679 2267 seruatus
703 2241 745 2249 —
768 2212 864 2267 mater
886 2209 1005 2286 ignibus
1027 2209 1131 2267 mersit

116 2318 245 2373 eumque
265 2317 332 2357 cum
349 2298 404 2356 filii
422 2299 494 2357 fatis
513 2299 661 2356 exstinxit.
692 2317 768 2373 quae
791 2301 951 2374 postquam
970 2298 1130 2357 admissum

116 2387 203 2446 nefas
228 2388 360 2464 agnouit⁷
384 2388 490 2463 laqueo
513 2387 609 2446 uitam
631 2387 737 2445 finiuit.

72 2495 100 2533 25
188 2478 250 2535 482
275 2494 334 2534 nnc
358 2494 451 2536 prosu
474 2494 600 2536 monnio
623 2477 655 2534 id
678 2479 724 2534 est
747 2476 798 2551 qui
816 2496 932 2551 semper
950 2476 1053 2534 sollers
1071 2475 1131 2532 fuit

191 2760 204 2806 1
226 2752 285 2807 eius
309 2751 438 2823 immisit]
461 2750 594 2805 immissit
612 2769 661 2824 sup
680 2756 717 2803 Pb
739 2753 742 2819 1
763 2751 824 2822 qui]
843 2769 876 2820 q3
894 2756 932 2803 Po
953 2753 956 2819 1
978 2750 1129 2819 Calydonis

115 2824 200 2880 terris
218 2830 238 2877 L
271 2842 321 2879 ona.
340 2830 378 2877 Pe
394 2825 397 2893 1
414 2822 551 2877 celidonis
570 2828 607 2875 Pb
624 2828 627 2889 1
644 2822 681 2876 ab
700 2822 768 2875 urbe
787 2820 879 2891 gentis
899 2820 1069 2891 Calydonius
1088 2823 1131 2895 111

116 2904 134 2950 2
147 2894 312 2966 appellatus
327 2897 370 2948 est
383 2900 445 2947 tro
459 2896 468 2964 11
482 2900 499 2947 4
513 2892 711 2947 intermisisset
723 2898 760 2944 Pb
774 2894 785 2962 11
798 2899 814 2945 t
829 2892 888 2946 eius
906 2891 980 2947 filius
994 2898 1046 2945 MP
1071 2893 1095 2948 is
1110 2900 1130 2946 Ι,

115 2968 179 3039 ipse
199 2966 258 3021 eius
278 2965 353 3019 filius
371 2966 460 3035 Myra.
484 2968 493 3034 11
517 2970 532 3017 7
551 2965 726 3018 AtalantaI·
759 2964 905 3018 athalante
924 2971 962 3017 Pa
994 2965 1130 3020 atlantica

115 3058 186 3095 corr.
202 3041 234 3092 ia
249 3037 357 3091 atlante
372 3042 408 3089 Pb
426 3038 429 3105 1
446 3036 502 3089 lasi
515 3041 560 3088 ΒΡ
576 3039 580 3105 1
596 3035 655 3089 filia
669 3041 707 3088 Pe
720 3037 759 3105 119
778 3034 808 3088 in
827 3036 1000 3090 saeuientem
1018 3042 1104 3090 Lml’o
1121 3038 1131 3108 11

117 3116 149 3164 12
170 3109 199 3164 ei
218 3127 268 3167 om.
287 3113 339 3160 MP
362 3110 371 3176 11
395 3113 427 3161 13
446 3109 591 3178 peractum
609 3111 679 3159 nra
705 3109 853 3176 peraptum
872 3113 908 3160 Pb
934 3110 1065 3177 paratum
1083 3115 1102 3160 1.
1124 3113 1126 3179 1

115 3180 243 3251 perdidit
257 3184 318 3232 seb
333 3182 342 3249 11
357 3185 391 3232 14
405 3178 559 3232 auunculus
574 3183 610 3230 Pb
625 3180 633 3247 1
650 3182 681 3229 15
692 3177 831 3247 uirginem
844 3178 931 3233 fuisse
944 3185 981 3232 Pb
996 3182 1005 3250 11
1020 3185 1129 3233 16101-

117 3252 273 3322 temptione
287 3256 326 3303 Pb*
353 3248 546 3304 conditioneL
567 3252 571 3315 1
591 3249 670 3303 facta
682 3253 719 3300 Pb
741 3252 745 3317 1
766 3249 840 3303 enim
859 3268 908 3304 om.
928 3256 965 3303 Pa
983 3253 992 3319 11
1015 3254 1047 3301 18
1067 3250 1130 3302 obs·

116 3324 185 3377 tulit
203 3328 241 3375 Pb
261 3324 270 3392 11
289 3326 322 3374 19
341 3320 371 3373 in
390 3320 525 3375 ultionem
544 3326 564 3372 1.
587 3319 725 3395 ultionem
742 3325 779 3372 Pb
796 3324 800 3391 1
816 3338 882 3374 nam
895 3320 1025 3375 titionem
1038 3319 1130 3391 112111

118 3416 149 3465 21
175 3411 347 3481 apparuerat
365 3408 424 3463 eius
444 3409 526 3464 sortis
544 3413 596 3460 MP
632 3407 755 3462 traditus
774 3408 829 3463 fuit
848 3426 865 3463 a
882 3409 978 3463 Parcis
997 3414 1017 3460 1.
1041 3410 1045 3475 1
1070 3409 1130 3460 tam

119 3500 166 3537 om.
182 3488 219 3535 Ph
235 3483 292 3551 1122
307 3496 362 3549 quo
378 3480 488 3534 adiisti
511 3498 565 3552 que
580 3478 654 3533 adiie
665 3485 700 3532 Pb
718 3481 722 3549 1
738 3497 822 3548 quem
830 3482 982 3533 materm’
995 3482 1004 3548 11
1018 3484 1051 3533 23
1061 3478 1130 3532 fatis

119 3554 169 3608 filii
189 3552 338 3607 extinserit
355 3557 392 3604 Pb
409 3555 412 3621 1
428 3553 614 3619 posteaquam
631 3557 652 3603 1.
