2575 3900
186 211 252 276 500
396 209 687 265 COMMENTARIVS
706 209 747 262 IN
765 206 994 263 Acflltnsmn.

185 369 238 422 τοῦ
265 359 412 440 πρίασθαι
443 359 476 418 id
505 365 550 419 est
583 379 689 418 emere.
730 362 862 418 ceterum
894 376 970 433 quae
1002 358 1040 415 de
1073 357 1206 416 liberata

185 451 326 509 dicuntur
347 449 488 525 Hesiona,
512 453 629 508 constat
654 467 716 507 esse
740 448 884 506 fabulosa.
918 450 1024 524 postea
1048 466 1118 505 cum
1141 465 1207 505 cre·

185 539 288 613 uisset,
311 539 449 598 Priamus
471 540 576 598 uolens
594 541 729 613 repetere
749 555 880 596 sororem
898 537 1050 612 profectus
1072 539 1117 594 est
1136 555 1206 594 cum
1267 537 1269 542 ’

185 627 294 705 legatis
318 627 485 704 Salamina,
508 628 561 686 ubi
580 627 739 686 constabat
762 646 828 684 eam
855 643 989 703 regnare.
1027 627 1058 683 et
1081 625 1206 683 minime

186 735 253 775 eam
283 720 418 792 repetere
450 718 614 775 uoluerunt
640 715 761 775 Graecis
795 714 961 774 dicentibus
993 732 1060 772 eam
1093 715 1206 774 habere
1232 728 1242 768 ⁵

185 806 252 865 iure
283 805 437 865 bellorum.
475 806 553 865 unde
585 808 750 864 commotus
778 805 914 863 Priamus
952 803 1035 862 misit
1062 804 1209 863 Paridem

186 915 254 953 cum
277 895 416 972 exercitu,
439 899 474 954 ut
497 894 614 970 aliquid
634 894 697 953 tale
722 893 881 953 abduceret
900 897 954 952 aut
976 911 1099 952 uxorem
1123 893 1205 972 regis

186 987 241 1043 aut
275 984 377 1043 filiam.
417 985 469 1060 qui
500 1004 567 1042 cum
603 983 799 1060 ambulasset,
836 981 1014 1042 sollicitauit
1045 982 1206 1059 Helenam,

185 1073 314 1133 Menelai
327 1093 458 1132 uxorem.
491 1092 649 1148 quaecum
668 1073 696 1131 ei
710 1071 876 1132 consentire
895 1070 1050 1147 noluisset,
1066 1090 1206 1148 egressus

185 1167 232 1222 est
254 1163 306 1221 ille
329 1165 360 1221 et
382 1162 537 1221 ciuitatem
555 1161 680 1220 obsedit.
714 1179 774 1237 qua
797 1179 901 1220 euersa
919 1159 1068 1219 Helenam
1090 1161 1207 1237 rapuit.
1224 1173 1244 1212 a

185 1253 264 1312 unde
288 1255 318 1310 et
340 1255 446 1327 postea
469 1270 487 1309 a
510 1251 619 1309 marito
642 1250 737 1326 recipi
759 1249 876 1308 meruit.

24 1356 174 1404 41144414
254 1343 319 1401 404
342 1357 462 1400 sonnvs
486 1340 565 1415 quod
584 1339 658 1398 dicit
680 1339 792 1415 foedus,
816 1338 973 1397 historiam
991 1338 1101 1416 tangit,
1126 1358 1208 1416 quae

185 1430 290 1507 refert,
314 1429 395 1505 quod
417 1428 540 1488 Troiani
563 1446 631 1486 cum
654 1427 776 1487 Graecis
799 1428 903 1486 foedus
926 1426 1100 1506 habuerint,
1125 1429 1207 1487 unde

186 1520 278 1580 etiam
296 1519 382 1577 Paris
401 1518 600 1577 amicabiliter
619 1521 664 1576 est
683 1520 837 1593 susceptus
860 1516 992 1594 hospitio
1013 1516 1105 1576 etsie
1125 1537 1208 1577 com·

188 1608 272 1667 misit
294 1607 485 1666 adulterium.
1223 1617 1244 1658 11

27 1712 126 1761 1111144.
139 1712 180 1752 451
257 1699 323 1756 444
347 1713 471 1756 censere
495 1696 624 1755 classis
644 1696 754 1754 dieitur
771 1696 821 1754 uel
841 1695 920 1770 quod
938 1694 992 1753 fiat
1011 1694 1046 1753 de
1066 1695 1211 1755 fustibus.

190 1781 294 1846 ‘calae'
322 1786 402 1845 enim
429 1785 568 1844 dicebant
594 1785 723 1844 maiores
751 1784 847 1842 nostri
862 1779 982 1860 'fustes,
1007 1803 1080 1860 quos
1104 1788 1213 1860 porta⁴

189 1877 265 1936 bant
291 1875 371 1935 serui
398 1878 554 1952 sequentes
582 1874 718 1934 dominos
747 1874 785 1932 ad
812 1872 969 1949 proelium.
1004 1873 1082 1931 unde
1114 1874 1213 1932 etiam

191 1960 334 2027 ‘calones'
358 1965 539 2025 dicebantur.
572 1983 642 2022 nam
659 1964 840 2023 consuetudo
861 1965 926 2021 erat
943 1962 1048 2021 militis
1068 1963 1210 2041 Romani,
1276 1949 1277 1963 ¹

193 2060 228 2115 ut
254 2056 318 2132 ipse
345 2055 403 2113 sibi
431 2073 514 2114 arma
540 2055 689 2129 portaret,
718 2053 781 2128 ipse
804 2052 926 2112 uallum.
964 2052 1078 2111 uallum
1107 2057 1246 2112 autema
1272 2110 1273 2113 ,

194 2143 334 2204 dicebant
361 2144 458 2202 calam
485 2142 561 2201 sicut
584 2142 730 2201 Lucilius:
754 2135 866 2201 ‘scinde
894 2142 1003 2218 calam,
1026 2144 1062 2199 ut
1089 2136 1213 2217 caleas',

195 2235 227 2293 id
254 2236 314 2293 est:
342 2252 359 2291 ο
387 2252 474 2309 puer,
502 2233 606 2309 frange
630 2232 724 2290 fustes
753 2233 783 2289 et
805 2231 854 2291 fac
885 2232 992 2290 focum.
1033 2230 1104 2288 inde
1139 2250 1212 2309 ergo

195 2324 320 2383 classem
347 2321 458 2381 dictam
485 2321 596 2379 dicunt.
634 2320 687 2378 alii
720 2320 817 2397 magis
844 2320 914 2379 hinc
941 2320 1066 2379 classem
1097 2320 1214 2380 dictam
1276 2340 1277 2343 ¹

195 2412 318 2471 uolunt:
354 2411 434 2486 apud
466 2410 593 2468 maiores
630 2412 748 2468 nostros
785 2409 966 2484 stipendium
1001 2408 1118 2485 proelio
1153 2414 1213 2469 ter-

195 2502 284 2560 restri
302 2500 387 2559 miles
405 2498 543 2575 pedester
561 2498 661 2557 dabat.
696 2498 811 2574 equites
829 2517 901 2557 uero
921 2497 1034 2557 dabant
1055 2498 1088 2555 in
1107 2498 1243 2558 nauali2⁵

197 2589 373 2649 certamine:
410 2607 480 2646 nam
516 2588 613 2647 adhuc
644 2587 773 2664 populus
804 2606 920 2663 pauper
951 2587 1058 2647 fuerat.
1107 2587 1211 2646 exinde

198 2680 302 2756 etiam,
331 2678 410 2754 quod
440 2676 477 2736 ab
511 2677 661 2752 equitibus
693 2676 822 2735 dabatur
853 2676 1047 2752 stipendium,
1080 2678 1212 2736 tractum

198 2772 256 2843 est,
283 2771 320 2826 ut
347 2767 495 2826 diceretur
523 2767 633 2825 classis.
680 2766 800 2842 proprie
828 2766 907 2824 enim
939 2766 1046 2824 classes
1076 2767 1211 2841 equitum

199 2858 331 2916 dicimus

266 2948 329 3004 447
363 2962 453 3005 Avrns
478 2944 577 3003 insula
604 2947 663 3022 est,
691 2944 723 3001 in
751 2963 810 3019 qua
833 2943 1026 3002 coniurarunt
1049 2940 1158 3002 Graeci
1181 2960 1207 3001 se
1220 2950 1240 2991 ³⁰

198 3055 258 3094 non
282 3038 352 3094 ante
374 3052 555 3110 reuersuroS,
579 3052 669 3109 quam
693 3033 783 3092 Troia
806 3035 970 3109 caperetur.

281 3230 295 3277 1
325 3222 413 3277 emeie
441 3228 461 3275 1.
492 3224 501 3292 1
529 3228 545 3275 2
568 3220 740 3276 exercuisset
766 3226 786 3272 1.
813 3222 822 3289 11
855 3224 870 3273 ὅ
904 3236 933 3274 44
966 3220 1066 3275 addae
1097 3220 1176 3275 nolui
1200 3215 1209 3285 11

200 3291 1022 3364 64444111814141111119441Μ1111*14414111.11
1045 3290 1207 3345 17441444

200 3367 276 3420 cales
301 3371 328 3418 1
350 3369 360 3436 11
383 3371 417 3419 20
436 3363 523 3436 ipse²]
542 3368 571 3419 et
590 3366 652 3419 calo
671 3366 741 3419 ocul.
761 3363 795 3417 L.
818 3363 943 3419 Mueller.
963 3365 1019 3433 1121
1040 3362 1206 3417 Lachmann.

197 3455 227 3504 p.
243 3441 277 3490 91
301 3439 310 3506 11
333 3442 367 3489 22
387 3453 403 3490 o
422 3453 472 3491 om.
491 3441 511 3487 1.
532 3439 536 3504 1
558 3438 672 3505 strange
691 3441 718 3487 Η
738 3437 747 3504 11
771 3440 804 3487 23
824 3434 938 3489 ductam
957 3436 1015 3502 111
1038 3429 1205 3494 2714111111

202 3507 397 3627 41141141)
421 3511 510 3561 44411
533 3510 542 3575 11
569 3512 603 3560 28
628 3506 732 3560 classes
760 3522 812 3561 om.
829 3523 962 3575 superscr.
982 3509 1009 3558 Π
1034 3505 1038 3573 1
1063 3503 1167 3558 classes
1183 3506 1208 3553 Π

202 3590 300 3627 444414
