2575 3900
331 199 619 276 COMMENTARIVS
637 201 678 254 IN
695 199 837 255 LIBRVM
854 201 875 258 I.
1089 201 1109 266 9

115 353 146 407 ut
164 349 228 409 bene
252 351 341 409 dete
365 351 471 410 merito
498 351 664 428 panioidae
691 346 744 410 tud
771 353 917 411 incestum
945 353 1111 428 praemium

116 438 194 497 dares.
239 441 320 499 diota
349 439 474 516 Sphinx,
507 441 586 516 quod
617 441 662 499 ita
693 441 855 518 stringeret
884 442 1018 500 homines
1050 442 1110 500 suis

114 529 332 604 quaestionibus,
354 531 390 588 ut
412 547 441 588 se
466 530 602 606 expedire
625 549 685 588 non
708 533 830 606 possent
846 563 891 571 -
910 549 980 589 nam
1000 529 1110 590 Graece

113 617 235 697 opbyssv
268 618 468 696 constringere
500 618 610 678 dieitur
640 619 690 677 uel
716 619 828 678 uincire
851 652 895 672 .-
918 620 999 695 quod
1025 621 1110 695 quasi

90 707 232 765 somnium
254 709 369 766 mentes
391 707 451 766 suis
472 708 725 783 propositionibus
742 708 858 786 ligaret.
896 708 1010 784 Sphinx
1028 729 1110 768 mon-

112 797 194 853 strum
216 798 283 854 erat
308 797 372 855 alas
394 799 426 854 et
447 815 561 873 ungues
587 796 700 855 habens
726 797 758 854 in
786 797 1012 856 similitudinem
1033 798 1110 856 Har·

110 885 246 960 pyiarum,
270 885 350 961 quod
371 884 501 943 insidens
524 885 644 961 soopulo
664 884 731 944 uiae
749 887 917 945 imminenti
939 886 1111 945 insolubilia

111 973 271 1051 aenigmata
301 973 524 1032 transeuntibus
555 974 749 1050 proponebat
795 994 870 1050 quae
898 994 964 1035 oum
996 975 1110 1034 soluere

103 1051 160 1120 non
181 1065 311 1139 possent,
334 1082 370 1121 ex
392 1063 555 1138 improuiso
578 1063 701 1122 ueniens
724 1063 780 1121 alis
803 1066 834 1122 et
855 1065 1004 1142 unguibus
1023 1065 1061 1122 ad
1080 1083 1109 1123 se

17 1183 18 1188 κ
79 1150 136 1207 uin
159 1171 263 1227 rupem
289 1151 435 1210 trahebat.
482 1151 564 1210 ouius
592 1151 751 1211 locutionis
779 1152 919 1229 ambages
945 1151 1110 1228 Oedipodes

16 1303 17 1306 Ἴ
110 1257 155 1297 sua
181 1240 347 1316 ealliditate
376 1240 474 1299 soluit.
521 1240 600 1316 quod
626 1240 740 1300 fautum
762 1240 903 1300 benefioio
926 1241 1033 1299 Furiae
1056 1242 1110 1300 im·

16 1391 17 1412 ,
109 1332 194 1402 putat.
243 1329 295 1388 alii
318 1329 433 1404 dieunt,
461 1329 541 1404 quod
565 1329 678 1405 Sphinx
705 1330 792 1388 simia
814 1330 923 1389 uillosa
950 1331 1003 1406 sit,
1032 1331 1111 1407 quod

16 1435 17 1488 Ι
108 1417 156 1476 hoo
177 1419 244 1478 loeo
266 1437 327 1476 non
349 1418 496 1495 congruit.
972 1444 975 1449 Δ

16 1493 17 1552 3
167 1510 206 1568 69
234 1525 392 1567 oonvmvn
410 1506 598 1566 oonoubitum
616 1508 721 1566 matris
744 1508 865 1566 duloes
888 1508 1003 1566 furias
1026 1509 1110 1566 dixit.

15 1587 16 1590 ’
75 1609 95 1650 is
107 1598 133 1653 et
144 1594 214 1654 bene
232 1599 340 1671 totum,
359 1595 450 1654 etiam
464 1596 543 1672 quod
561 1596 685 1673 ignarus
703 1596 832 1671 admisit,
850 1597 981 1673 imputat
993 1597 1110 1672 ihi-iao,

104 1686 134 1741 ut
157 1685 368 1744 beneficiorum
398 1685 573 1743 assiduitate
601 1685 723 1743 suffulta
749 1688 905 1761 tamquam
936 1705 1022 1745 suum
1053 1686 1110 1745 sibi

103 1773 230 1833 uindicet
253 1773 439 1849 panioidam.
508 1791 637 1834 osmsvs
661 1792 717 1831 nen
738 1775 787 1832 hio
809 1775 856 1832 uis
876 1768 880 1855 Ι
901 1776 1019 1834 sceleris
1041 1794 1109 1835 oon·
1127 1794 1193 1836 usna.
1203 1796 1248 1843 ps

104 1863 222 1920 seientia
246 1863 390 1939 probatur
412 1862 542 1937 admissi,
566 1863 645 1938 quod
668 1863 724 1920 tali
747 1862 872 1922 oonubio
897 1864 937 1921 sit
958 1864 1087 1940 gauisus.

168 1956 209 2013 70
240 1970 335 2011 sanun
359 1970 431 2012 uum
457 1952 545 2011 faoile
569 1953 647 2011 enim
674 1955 829 2030 purgatur,
857 1953 998 2029 quiequid
1020 1953 1110 2012 semel

73 2041 148 2098 rouel
170 2060 244 2101 casu
264 2042 467 2100 committitur.

165 2134 203 2189 71
236 2149 301 2190 uox
328 2148 441 2190 nvmvs
468 2147 590 2189 roduin
623 2147 740 2190 marris
769 2147 980 2190 CAEDENTIBVS
1008 2148 1109 2190 vanno

102 2235 222 2279 necvav1
246 2219 278 2277 id
301 2221 347 2277 ast
367 2219 508 2277 festinaui
532 2220 617 2277 edere
640 2220 676 2277 ds
700 2239 747 2277 me
769 2220 833 2295 ipse
856 2220 1047 2295 supplicium,
1072 2240 1109 2278 ne

102 2306 223 2367 ulterius
247 2309 334 2366 taum
358 2308 468 2367 seelera
492 2308 626 2367 celarem.
664 2327 734 2366 nam
753 2327 820 2367 oum
839 2309 995 2367 caederent
1012 2309 1109 2385 digiti,

102 2414 210 2469 poenae
234 2397 331 2474 magis
354 2416 443 2472 quam
470 2398 576 2455 mortis
599 2398 706 2456 auidus
732 2416 843 2472 pronus
865 2398 993 2457 inoubui.
1039 2416 1110 2455 nam

71 2484 279 2555 adesiderasse
302 2488 429 2545 mortem
450 2487 507 2545 hoo
529 2486 629 2544 fuerat
651 2486 761 2563 fugisse
786 2486 971 2563 supplicium.

164 2578 205 2634 73
235 2592 352 2634 nxsvm
380 2592 408 2633 s1
434 2591 532 2634 ursus
558 2576 681 2634 Pnu'con
709 2593 853 2641 ovsnuvn
880 2591 950 2633 mss
976 2592 1109 2633 reanum

101 2661 129 2719 id
146 2667 191 2722 est
212 2682 289 2740 quae
308 2666 342 2722 tu
360 2664 482 2722 suadere
501 2664 634 2739 potuisti.
667 2663 825 2722 ibri-iarum
840 2666 885 2721 est
898 2663 976 2721 enim
995 2683 1110 2739 semper

167 2857 182 2905 1
204 2853 238 2905 ut
255 2855 267 2903 Ι
286 2853 318 2905 tu
336 2856 363 2903 lt
379 2854 383 2918 Ι
399 2848 537 2920 parricida
552 2852 602 2905 tuo
615 2849 717 2905 merito
730 2855 782 2903 111³
795 2852 835 2920 ΙΙΙ
855 2849 932 2904 dicta
946 2850 1053 2920 Sphinx
1067 2894 1072 2904 .
1084 2894 1107 2905 ..

100 2921 229 2994 congruit
248 2939 297 2978 om.
316 2927 343 2974 lt
365 2924 374 2991 ΙΙ
397 2927 413 2975 3
432 2924 528 2991 posset
545 2927 582 2974 ΡΙ)
605 2924 615 2991 ΙΙ
641 2927 660 2975 4
678 2918 818 2993 σφίγγειν]
838 2920 939 2991 sphinx
956 2928 994 2975 ΡΙ)
1027 2921 1109 2993 spinx

100 2998 133 3045 Ρι
152 3004 156 3063 Ι
180 2992 320 3065 stringere
337 2998 375 3045 ΡΙ)
391 2996 395 3063 Ι
416 2993 462 3047 uel
480 3010 530 3047 om.
550 2998 587 3045 Pb
604 2992 608 3065 Ι
627 2992 772 3047 uinculum
790 2998 810 3045 Ρ
832 2995 842 3062 ΙΙ
864 2998 880 3046 6
898 2993 1071 3064 harpyarum
1088 3000 1108 3046 1.

99 3063 261 3135 harpiarum
279 3070 317 3117 Pa
349 3062 490 3133 arpiarum
507 3069 544 3116 Pb
563 3066 573 3134 ΙΙ
595 3068 612 3116 8
629 3064 805 3134 preponebat
822 3069 859 3116 ΡΙ)
878 3066 887 3133 ΙΙ
911 3068 944 3117 10
961 3082 1030 3135 rupe
1048 3070 1085 3118 ΡΙ
1100 3065 1110 3136 ΙΙ

101 3142 129 3189 11
149 3137 200 3191 sed
219 3136 274 3189 hoo
291 3135 398 3189 fastum
416 3140 453 3187 ΡΙ)
471 3136 481 3204 ΙΙ
501 3140 533 3188 12
552 3135 602 3189 sed
620 3135 675 3189 hoo
692 3134 754 3189 loeo
773 3141 811 3188 Pa
833 3137 842 3205 ΙΙ
865 3141 899 3188 14
918 3153 1071 3190 cornuam
1088 3142 1109 3187 1.

100 3205 284 3261 domnubium
301 3212 338 3259 ΡΙ)
361 3208 370 3275 ΙΙ
394 3210 427 3259 15
446 3222 500 3274 que
520 3222 588 3262 sorr.
603 3208 635 3261 ΙΙ)
653 3205 691 3275 qd
709 3211 737 3258 Ι
756 3209 760 3276 Ι
780 3204 895 3275 inputat
912 3212 940 3259 Ι
961 3210 970 3277 ΙΙ
994 3213 1027 3261 16
1046 3209 1109 3260 tan-

99 3281 245 3348 quamLss
264 3283 297 3331 17
315 3276 661 3349 iudicetl’binmom
685 3276 766 3330 inil’
789 3276 878 3332 idest
895 3280 927 3332 iu
944 3277 1106 3349 ruassralti

99 3348 178 3403 huius
209 3347 321 3403 soelsris
350 3346 466 3403 admissi
488 3353 525 3401 ΡΙ
553 3350 562 3418 ΙΙ
591 3353 623 3401 18
652 3348 803 3418 probatum
825 3354 862 3401 ΡΙ)
888 3352 892 3416 Ι
916 3348 966 3417 qui
989 3365 1057 3404 corr.
1076 3351 1109 3403 a'u

117 3419 180 3473 d!
196 3422 200 3489 Ι
218 3419 356 3474 connubio
370 3425 407 3473 ΡΙ)
421 3421 431 3489 ΙΙ
448 3424 480 3471 21
498 3437 678 3473 crunnuumvs
692 3436 742 3474 om.
757 3422 800 3489 ΡΙΙ
818 3426 852 3472 22
870 3438 979 3473 mcvuvr
995 3437 1044 3475 om.
1059 3422 1106 3492 ΙΙ

99 3436 233 3546 destinaui
247 3535 252 3547 .
265 3534 270 3547 .
283 3535 288 3546 .
303 3489 387 3562 digiti
405 3508 455 3546 om.
470 3495 516 3545 Iun
533 3493 542 3559 ΙΙ
561 3496 595 3544 24
613 3491 667 3545 hoo
686 3489 834 3560 tpronius
852 3495 888 3542 Pb
903 3493 912 3559 ΙΙ
930 3496 964 3543 26
984 3508 1108 3549 ovsuovs

100 3579 156 3616 nsi
169 3580 222 3618 om.
237 3567 264 3614 ΙΙ
284 3566 288 3632 Ι
308 3580 422 3616 remum
436 3578 486 3616 om.
500 3566 552 3613 ul
578 3561 717 3624 furentem
731 3567 767 3614 Pb
785 3579 806 3614 s.
821 3566 858 3613 Pa
871 3564 881 3629 fl
895 3565 927 3612 27
943 3559 1017 3613 enim
1031 3564 1075 3613 est
1088 3566 1108 3610 Ι)
