2575 3900
309 195 596 252 commasvs
615 197 656 251 IN
673 196 812 251 LIBRVM
831 197 864 251 X.
1028 198 1091 261 431

74 348 161 407 furor
183 348 405 425 persuadentis,
428 350 465 405 ut
486 348 671 406 inuadantur
693 348 807 426 Argiui.
846 349 969 407 Adrasti
992 352 1093 427 gratu-

75 438 152 496 latio
191 439 224 495 et
261 437 377 511 eruptio
415 435 643 495 Thiodamantis
681 439 712 495 et
746 438 878 497 uastatio
913 438 1095 516 Argiuorum

73 525 274 585 morientibus
293 525 451 584 Thebanis.
484 525 646 601 Dymantis
664 528 694 583 et
711 526 821 601 Hoplei
840 528 981 586 eomitirm
1001 528 1095 605 Tydei

74 619 107 675 et
138 615 362 690 Parthenopaei
399 614 596 673 allocutiones
630 614 667 673 de
704 615 865 675 liberandis
901 617 1094 676 cadaueribus

47 706 195 765 educam.
224 704 358 780 ipsorum
385 704 566 763 oadauerum
593 704 766 780 reportatio.
805 708 1001 778 superueutus
1023 706 1095 764 Am·

74 794 212 870 phionis,
238 793 320 852 dueis
344 792 491 868 Thebani,
515 794 545 850 et
567 794 665 851 tumet
687 811 774 851 mors.
814 793 886 869 tuga
909 794 1095 870 Amphionis,

75 883 160 943 duois
179 882 325 957 Thebani,
348 882 470 959 cognita
493 900 613 941 suorum
634 900 713 941 neue.
746 884 892 940 nocturna
912 880 1042 958 Capanei
1065 885 1096 941 et

75 973 157 1031 ultra
190 972 356 1030 humanum
386 970 509 1030 modum
542 970 703 1029 dimicatio.
745 970 925 1031 uaticinatio
956 972 1095 1047 Tiresiae,

76 1062 158 1137 quod
181 1060 303 1120 Thebae
325 1080 386 1119 non
408 1062 531 1137 possent
554 1060 643 1118 aliter
664 1060 796 1135 uineere,
825 1060 883 1119 nisi
906 1078 982 1118 unus
1006 1078 1035 1118 se
1060 1061 1095 1119 de

37 1164 64 1201 1⁰
77 1150 242 1210 draoonteo
271 1149 381 1208 semiue
412 1148 579 1208 deuoueret
622 1148 742 1208 deuotio
769 1150 932 1224 Menoeoei,
961 1148 1096 1208 Creontis

76 1239 142 1314 filii,
168 1239 223 1316 qui
247 1239 443 1314 persuadente
461 1237 582 1296 Virtute
605 1238 637 1295 in
660 1238 780 1297 Mantus
803 1240 931 1298 formam
954 1256 1096 1297 oonuersa

78 1346 109 1386 se
129 1329 166 1386 de
185 1346 274 1386 muro
294 1328 487 1387 unlneratum
509 1345 564 1403 pro
582 1328 683 1402 patria
705 1328 899 1404 praeeipitem
923 1328 1012 1403 dedit,
1032 1346 1099 1386 oum

78 1436 140 1476 non
167 1419 272 1493 posset
303 1436 370 1475 eum
393 1419 480 1493 pater
501 1416 553 1492 pia
575 1416 756 1475 allocutione
780 1436 799 1475 a
820 1417 976 1476 uoluntate
1005 1417 1098 1475 dimo·

80 1526 160 1564 uere.
199 1505 331 1582 Capanei
354 1524 491 1565 aseensus
509 1506 541 1563 in
560 1505 734 1564 Thebanum
756 1526 873 1563 murum
897 1510 928 1564 et
950 1506 1012 1565 eius
1029 1508 1099 1582 post

42 1609 68 1649 15
83 1595 271 1654 diuersorum
303 1595 457 1653 numinum
484 1594 706 1671 indignantium
734 1595 869 1669 querelas
900 1615 954 1671 per
984 1595 1098 1653 tulmen

78 1684 230 1743 interitus.

150 1777 166 1831 1
194 1791 310 1832 oanvin
330 1789 484 1831 ansanum
507 1771 652 1846 Hesperia
675 1772 860 1831 oooidentali.
1094 1802 1162 1843 Lm,
1174 1802 1245 1849 neae

150 1865 168 1921 2
194 1879 379 1920 aroannam
401 1861 552 1920 festinata.

154 1955 173 2011 3
198 1969 372 2011 msnnsnvs
402 1969 479 2011 onns
505 1952 562 2010 hoo
589 1949 746 2010 miseratus
773 1955 819 2009 est
845 1950 980 2027 Iuppiter
1011 1950 1096 2010 triste

48 2054 74 2093 no
87 2058 148 2099 esse
173 2041 271 2117 perire
293 2040 371 2115 illos,
395 2041 445 2116 qui
466 2059 519 2099 neo
538 2039 672 2098 Thebani
694 2041 814 2098 fuerant
836 2059 889 2100 neo
907 2041 1022 2118 Argiui,
1046 2042 1096 2100 sed

84 2130 220 2207 utrisque
244 2129 379 2204 partibus
401 2129 512 2187 auxilio
535 2131 687 2187 uenerant.

153 2222 172 2277 5
206 2237 364 2277 nnnnmva
391 2217 527 2277 abscessu
554 2218 685 2276 militum
707 2217 875 2294 patefactus
899 2222 944 2277 est
966 2237 1096 2295 campus,

86 2326 213 2381 quorum
250 2310 339 2365 antea
375 2308 437 2366 aoie
473 2307 637 2384 tegebatur.
752 2325 907 2366 nnnonms
945 2325 1096 2368 sanavmn

85 2394 224 2456 honidus
247 2397 309 2455 siue
332 2397 478 2454 confusus.

47 2495 73 2536 ²⁵
155 2489 172 2545 7
202 2502 390 2545 oananoars
413 2485 567 2560 sepultura
584 2485 724 2543 eareutia.

155 2578 173 2635 8
204 2591 334 2632 nacnnrs
358 2574 462 2632 soissis,

86 2701 301 2714 ,κο-

160 2784 174 2831 1
199 2779 371 2848 persuadens
393 2783 430 2830 Pb
455 2781 464 2847 1·
484 2777 636 2832 Thebani?
659 2779 668 2848 11
696 2783 711 2830 2
734 2777 859 2831 uastatio
879 2777 1096 2848 ...Dymantis

89 2850 118 2900 et
135 2866 186 2904 om.
205 2855 243 2902 ΡΙ
260 2854 270 2919 1
287 2855 305 2903 4
324 2848 458 2904 allocutio
476 2855 514 2902 ΡΙ
529 2850 534 2917 1
550 2849 579 2902 in
597 2848 788 2903 deliberandis
806 2851 849 2918 1.ss
867 2854 882 2901 5
901 2847 1024 2918 ipsorum
1045 2892 1094 2906 ...

89 2917 213 2989 Capanei
231 2938 281 2977 orn.
300 2927 338 2975 Pa
354 2922 357 2991 1
374 2920 533 2990 deportatio
552 2923 612 2987 ΡΙ1
630 2926 646 2975 6
666 2922 694 2973 et
717 2963 745 2974 ..
764 2936 838 2973 mors
857 2937 906 2974 om.
926 2926 971 2973 L?
986 2924 990 2990 1
1007 2923 1097 2977 tumet

88 2994 116 3041 ΙΙ
137 2992 215 3047 Mon.
237 2992 309 3047 ooo.
337 2991 484 3060 Dymantis
504 2994 533 3046 et
549 2990 652 3060 Hoplei
671 2991 761 3046 Klotz.
784 2990 788 3062 1
808 2990 908 3060 Amph.
928 2991 990 3047 due.
1010 2993 1095 3048 Theb.

89 3077 138 3116 om.
153 3067 190 3115 ΡΙ)
211 3065 221 3133 11
244 3069 260 3117 8
278 3064 393 3118 modum
410 3080 460 3118 orn.
480 3068 516 3116 ΡΙ)
530 3065 570 3133 119
589 3061 657 3131 quia
674 3067 742 3114 ΙΙΡΙ)
763 3063 767 3132 1
787 3061 915 3116 Thebani
932 3068 952 3116 1.
973 3065 977 3132 1
998 3080 1095 3119 soom.

90 3136 126 3184 ΡΙ)
140 3135 150 3203 11
164 3140 196 3188 11
215 3135 346 3189 manthos
365 3140 403 3187 Pa
419 3134 505 3188 matis
523 3139 560 3186 ΡΙ)
587 3131 692 3188 manib.
711 3138 739 3185 ΙΙ
754 3135 759 3204 1
774 3149 923 3187 conuersus
943 3140 963 3187 L
982 3139 1097 3189 couersfi

89 3206 126 3255 ΡΙ)
152 3208 315 3260 conuersum
333 3212 370 3259 Pa
383 3208 392 3275 1
407 3211 439 3259 12
458 3205 599 3275 poipiente
617 3210 645 3257 ΙΙ
663 3206 673 3273 11
696 3210 728 3258 13
746 3220 803 3258 non
821 3213 871 3260 om.
881 3211 919 3258 Pa
934 3207 939 3272 1
958 3205 1098 3274 potuisset

90 3278 110 3324 1·
125 3277 129 3343 1
149 3277 291 3332 dimouare
309 3276 647 3344 eorr.iademouere1fl
662 3280 695 3328 14
714 3275 864 3330 adnoeusus
878 3282 916 3330 Pa
929 3282 938 3342 11
953 3282 985 3328 17
1001 3295 1097 3330 onavm

91 3353 201 3401 onan
222 3351 226 3417 1
245 3347 382 3418 Hesperia
399 3365 449 3403 om.
468 3353 520 3401 ΙΙΡ
541 3351 551 3417 11
575 3353 608 3400 19
626 3346 778 3400 Miseratur
795 3353 833 3400 Pa
860 3347 957 3401 Miratr
971 3352 999 3399 ΙΙ
1019 3348 1023 3419 1
1043 3346 1097 3402 hoo

91 3430 139 3470 om.
158 3425 178 3473 1.
203 3422 207 3488 1
233 3422 276 3474 est
297 3437 347 3476 om.
366 3425 403 3472 ΡΙ)
430 3422 439 3489 11
467 3425 500 3473 21
524 3419 669 3486 utriusque
688 3423 750 3471 LPa
777 3420 786 3488 11
813 3424 846 3471 23
868 3418 929 3473 aeie
948 3421 1032 3472 antea
1049 3425 1070 3471 Ι.
1089 3418 1095 3492 1

92 3491 156 3543 ante
174 3508 224 3545 om.
242 3498 305 3546 onte
323 3491 384 3546 aeia
392 3494 491 3562 posuit
508 3496 536 3543 ΙΙ
556 3492 560 3560 1
581 3488 700 3544 deformi
717 3495 738 3542 Ρ
755 3492 764 3560 11
782 3495 816 3543 24
836 3488 895 3544 siue
913 3508 963 3546 om.
982 3491 1046 3546 odd.
1065 3492 1097 3546 ia

91 3573 174 3632 maro.
193 3568 220 3615 ΙΙ
